3046 5206
632 487 673 556 65

48 657 261 724 Sedulius
294 661 401 742 igitur,
438 661 568 724 minime
601 658 635 723 id
671 658 757 741 quod
788 658 842 723 ille
876 661 922 722 ait
954 661 1147 725 Iuvencus
1180 658 1241 723 hoo

47 764 140 828 loco
166 762 344 845 Vergilium
367 764 521 827 imitatur.
1047 787 1049 792 ¹

158 901 273 965 Restat
283 907 319 965 ut
338 899 444 966 dicam
462 900 503 965 de
520 898 808 984 additamento,
825 902 916 966 cuius
929 921 1027 986 supra
1039 899 1084 986 (p.
1100 897 1240 978 39-47t

50 1005 268 1070 mentionem
290 1024 354 1069 non
378 1003 522 1068 fecimus.
570 1003 651 1068 Sunt
673 1022 787 1069 versus
809 1005 825 1068 Ι
848 1001 963 1089 706J7:

177 1143 404 1208 «Adveniet
424 1164 498 1210 asoa
520 1163 669 1209 saarma
692 1142 788 1224 ates,
814 1164 881 1226 qua
902 1142 977 1209 iare
999 1164 1107 1209 seuero

200 1246 360 1313 Praemia
381 1246 532 1312 iustitiae
555 1246 677 1312 tribuet
698 1246 875 1330 scelerique
894 1245 1115 1331 pebeaaam».

57 1385 162 1452 Nihil
184 1385 288 1450 simile
311 1387 472 1451 invenitur
499 1385 586 1470 apud
613 1386 716 1472 Mtth.,
746 1405 840 1469 quem
867 1391 966 1470 poeta
991 1405 1094 1468 usque
1118 1384 1161 1458 ad
1183 1385 1242 1450 bos

57 1509 187 1555 versus
209 1494 340 1556 secutus
363 1495 412 1556 est
435 1497 467 1555 et
489 1509 584 1572 quem
599 1495 674 1575 post
688 1491 748 1556 hos
762 1509 876 1555 versus
894 1491 1046 1572 sequitur.
1083 1490 1242 1554 Iuvencus

59 1598 245 1679 postquam
279 1595 426 1667 versibus
461 1593 729 1660 antecedentibus
758 1593 927 1659 701-705
962 1595 1123 1677 expressit
1150 1594 1241 1658 Mtth.

60 1698 133 1762 VII
159 1695 196 1760 21
225 1695 326 1762 «Noa
348 1697 463 1779 ommis,
489 1697 547 1781 qai
562 1697 647 1763 dicet
660 1696 753 1782 mibi,
777 1696 915 1778 domine,
939 1696 1075 1779 domine,
1099 1696 1245 1762 iatrabit

65 1800 110 1865 ia
133 1819 275 1884 regnam
297 1801 470 1882 caelorum,
494 1802 550 1866 sed
571 1801 629 1885 qai
648 1801 948 1886 faeitcoiaatatem
962 1800 1070 1883 patris
1089 1799 1161 1885 mei,
1186 1800 1244 1884 qai
1337 1821 1341 1828 ·

64 1905 110 1969 ia
134 1902 236 1968 caetis
258 1908 314 1986 est,
337 1904 405 1988 ipse
426 1897 572 1971 iatrabit
592 1905 631 1970 ia
652 1925 790 1990 repaam
805 1905 1006 1985 caelorum»,
1031 1905 1143 1969 inserit
1159 1924 1243 1968 nune

64 2009 133 2072 hos
151 2006 231 2073 duos
246 2027 369 2092 versus,
393 2028 474 2091 quos
490 2028 562 2072 eum
579 2008 738 2075 adiecisse
754 2014 832 2093 puto
855 2015 893 2073 ut
909 2009 1083 2090 fingeret
1106 2027 1243 2073 versus

66 2113 229 2176 similes
251 2112 335 2178 illis
358 2112 593 2178 clarissimis
615 2111 805 2178 Aeneidis
829 2114 861 2177 ΙΙ
883 2110 1023 2198 uultus:

231 2275 245 2307 «
261 2249 376 2316 Vertit
396 2243 546 2317 samma
569 2251 650 2316 dies
673 2255 704 2316 et
724 2250 939 2317 ineluctabile
962 2254 1086 2332 tempas

250 2353 490 2421 Dardaniae».
538 2353 594 2441 (cf.
618 2355 712 2420 Hom.
738 2355 761 2415 Δ
787 2353 847 2419 164
871 2353 934 2440 sq.)

70 2493 219 2558 Carmini
242 2496 334 2577 epico
364 2514 432 2576 suo,
460 2496 488 2558 si
516 2498 681 2558 certamen
709 2494 789 2557 inire
813 2492 913 2557 voluit
936 2512 1007 2557 eum
1030 2494 1152 2576 Vergili
1176 2515 1243 2559 car-

70 2599 174 2682 mine,
207 2597 290 2662 tales
324 2615 437 2662 versus
470 2599 613 2663 inserere
646 2596 767 2679 debuit,
802 2596 915 2678 quales
947 2599 997 2682 iis,
1032 2597 1094 2678 qui*
1114 2617 1243 2662 carmen

68 2702 232 2782 legerent,
250 2703 359 2766 statim
374 2698 406 2764 in
425 2701 580 2765 memoria
594 2699 775 2764 haererent.
808 2700 922 2782 Neque
937 2719 1058 2782 negare
1073 2716 1244 2784 possumus

71 2807 250 2869 Iuvencum
273 2805 330 2870 xhis
358 2803 483 2870 duobus
515 2804 662 2870 versibus
696 2805 816 2888 optime
851 2805 1052 2888 expressisse
1087 2824 1244 2870 summam

72 2909 242 3003 religionis
265 2908 462 2974 christianae
486 2906 723 2993 sententiam1).
766 2985 769 2989 r

162 3047 253 3113 Alius
279 3067 393 3114 versus
423 3053 531 3114 exstat
558 3050 591 3112 in
615 3022 758 3113 carmine
787 3048 842 3129 qui
871 3048 979 3131 specie
1002 3045 1132 3130 quidem
1160 3068 1244 3113 com-

75 3151 201 3234 positus
224 3157 274 3217 est
297 3153 477 3218 simillimus
498 3153 543 3216 illi
567 3152 689 3234 Vergili
712 3152 819 3216 versui
843 3151 1021 3215 clarissimo
1044 3150 1088 3215 Vl
1112 3151 1192 3216 376:

196 3275 352 3338 «Πειίηε
374 3276 449 3359 fata
472 3275 567 3340 deam
588 3273 675 3354 flecti
697 3293 853 3356 sperare
872 3275 1095 3355 precando»,

81 3394 210 3458 Iuvenei
233 3415 362 3459 versum
386 3395 458 3460 dico
481 3396 496 3459 I
520 3396 575 3461 59:

195 3518 348 3580 «beriae
371 3520 540 3599 conspecta
563 3519 700 3581 meatem
723 3515 876 3578 turbore
900 3510 1093 3579 verendo».

163 3651 197 3739 d)
227 3653 350 3738 Supra
379 3655 551 3719 breviter
579 3654 873 3719 memoravimus
902 3653 1064 3718 Iuvenei
1092 3649 1245 3718 versum

77 3757 865 3842 initiaetexitussaepecongruerecum
881 3756 1068 3839 Vergilio.
1105 3757 1245 3821 Tantum
1293 3745 1294 3748 ¹

79 3861 172 3925 abest
187 3866 222 3925 ut
237 3863 345 3925 omnia
362 3862 513 3946 exempla
532 3861 683 3942 referam,
708 3879 791 3944 quae
807 3860 988 3924 Huemerus
1005 3865 1037 3924 et
1052 3859 1246 3925 Hatfieldius

81 3963 290 4047 collegerunt,
313 3969 348 4028 ut
370 3964 554 4048 prolaturus
578 3966 637 4029 sim
661 3984 726 4029 uon
749 3964 814 4029 alia
836 3964 898 4027 nisi
922 3985 941 4028 a
964 3983 1015 4028 me
1038 3970 1176 4048 reperta.

144 4255 185 4321 ¹1¹)
204 4254 275 4309 Num
294 4245 435 4309 Iuvencus
453 4254 506 4310 hos
524 4271 626 4310 versus
644 4255 794 4310 inseruerit
813 4257 970 4308 commotus
991 4252 1178 4314 «ebiliaomo»
1199 4255 1246 4323 qni

82 4339 181 4395 dicitur
205 4341 320 4396 dubium
342 4341 463 4396 videtur.
499 4343 543 4396 De
568 4341 753 4396 «abiliasmo»
780 4342 815 4398 ct.
838 4340 1084 4410 Wetuer-Welter,
1108 4340 1245 4395 Kirchen·

81 4426 190 4482 lexilron
209 4432 229 4481 t.
247 4428 411 4500 Illp.144;
429 4429 585 4498 Neumann,
602 4430 662 4483 Der
679 4426 819 4481 romische
839 4426 922 4482 Stant
939 4427 997 4482 und
1015 4427 1060 4482 die
1079 4427 1245 4496 allgemeine

81 4513 181 4568 Kirche
200 4513 244 4568 bis
263 4515 311 4568 aut
329 4515 492 4570 Diokletian
510 4516 522 4570 Ι
540 4533 567 4584 p.
587 4519 646 4574 251.
1236 4527 1239 4534 '

78 4605 80 4614 ’
1026 4605 1042 4657 5
