3046 5206
849 415 891 480 74

379 578 394 640 Ι
460 583 493 648 4:
516 585 552 651 vi
578 606 733 670 superum
758 605 874 652 saeuae
901 607 1070 652 memorem
1097 587 1241 654 Iunonis
1270 589 1311 655 ob
1347 590 1478 668 tram,

380 680 395 745 I
420 685 494 755 129:
516 690 713 774 fluctibus
735 709 897 774 oppreom
922 689 1026 756 Trous
1048 691 1194 776 caelique
1216 693 1375 777 rutum

337 796 473 870 apparet
496 813 536 858 ex
558 814 653 860 versu
675 795 752 859 hoo:

378 889 444 957 Iuv.
472 897 505 960 ΙΙ
534 899 610 964 475;
644 897 883 980 Discipulos
913 919 1096 982 numquam
1129 901 1357 967 transcendat
1388 902 1484 967 celso

643 1000 844 1085 maqistri,

334 1094 366 1159 in
389 1119 450 1182 quo
472 1107 603 1171 verbum
629 1105 899 1188 «discipulus»
925 1107 1024 1172 verbo
1041 1109 1212 1191 opponitur
1234 1109 1344 1174 verbo
1371 1131 1481 1174 «ma-

330 1199 487 1282 qu'stri».
530 1211 616 1295 Ergo
632 1212 791 1275 Iuvencus
810 1229 877 1273 rem
898 1212 1090 1296 oppositum,
1112 1231 1195 1293 quae
1214 1213 1358 1277 verbis
1377 1216 1481 1296 inest,

333 1311 510 1389 speciosam
528 1321 560 1380 et
574 1315 730 1380 illustrem
747 1312 883 1378 reddere
898 1315 967 1378 vult
983 1314 1322 1380 substantivorum
1344 1319 1479 1382 collo-

333 1415 493 1483 catione.
551 1422 685 1486 Praeter
718 1419 780 1483 hoc
815 1417 997 1501 exemplum
1032 1418 1238 1483 inveniuntur
1267 1419 1370 1504 apud
1404 1423 1478 1485 Iuv.
1520 1487 1521 1510 ,

333 1511 454 1586 decem.
497 1522 578 1588 Sunt
599 1524 696 1588 haec:
720 1521 824 1606 1641,
849 1519 922 1604 650,
945 1519 1019 1604 691,
1043 1521 1116 1604 695,
1140 1521 1219 1605 7073
1243 1521 1276 1586 II
1303 1521 1363 1608 15,
1392 1525 1477 1608 459,
1520 1519 1521 1528 ’

331 1617 381 1684 ΙΙΙ
404 1623 455 1710 49,
481 1627 550 1713 102,
576 1629 646 1694 113.
691 1625 853 1710 Vergilius
882 1623 979 1689 habet
1006 1626 1039 1688 in
1061 1624 1207 1690 Aeneide
1230 1625 1271 1690 65
1296 1629 1477 1714 exempla.

299 1721 353 1787 IV.
375 1727 457 1795 Duo
481 1734 542 1797 vel
564 1733 697 1816 plures
719 1748 855 1796 versus
878 1729 1053 1794 continui
1075 1730 1271 1813 incipiunt
1295 1750 1316 1794 a
1344 1733 1476 1798 verbo

375 1830 506 1900 finito:

416 1936 448 2023 a)
472 1940 599 2005 Verba
622 1959 719 2024 quae
742 1959 812 2004 con
834 1935 1027 2001 similiter
1049 1935 1249 2002 desinunt:

471 2044 567 2128 Verg.
595 2046 641 2111 VI
667 2045 731 2109 424
759 2061 823 2124 sq.:
847 2043 1013 2123 occupat
1027 2038 1158 2106 Aeueue
1180 2038 1308 2106 aditum
1328 2045 1476 2108 custode

1049 2143 1174 2225 sepulto

846 2246 1046 2331 evaditque
1066 2247 1149 2312 ceter
1170 2245 1279 2330 ripum
1293 2247 1475 2315 inremea-

1049 2349 1126 2416 tuis
1148 2351 1269 2417 uudue.

471 2458 567 2542 Verg.
583 2457 692 2523 11234
709 2475 820 2540 sqsq:
845 2454 1062 2521 dividimus
1094 2474 1220 2535 murce,
1263 2458 1295 2520 et
1326 2458 1474 2524 moenia

1044 2558 1227 2641 pandimus
1249 2557 1355 2624 urbis.
1521 2573 1522 2580 ³

845 2662 1074 2747 Acciuquut
1099 2683 1208 2728 omues
1235 2661 1334 2745 opert,
1367 2665 1472 2746 pedi-

1050 2767 1170 2850 busque
1191 2771 1342 2832 rotarum

843 2870 1072 2938 subiiciunt
1106 2870 1218 2953 tapsus
1252 2873 1283 2936 et
1314 2874 1466 2955 stuppea

1046 2973 1182 3041 uincula
1204 2974 1283 3041 cotto

841 3079 1079 3146 tuteuduut.

464 3187 532 3252 Iuv.
580 3189 595 3252 Ι
642 3186 702 3250 156
753 3205 816 3268 squ
840 3184 1024 3250 Solvitur
1040 3181 1462 3265 etquerumoetertcuua-

1047 3287 1127 3354 tuto
1151 3290 1243 3351 textu

842 3391 1064 3458 quotouut
1086 3441 1093 3456 .
1118 3442 1125 3456 .
1150 3439 1187 3456 ..

466 3497 534 3561 Iuv.
582 3498 598 3561 I
645 3496 705 3560 109
755 3515 817 3579 eq:
843 3493 1324 3576 Ooucetebruutnomenque
1340 3494 1462 3560 iubent

1044 3599 1199 3682 genitoris
1221 3597 1352 3663 habere.

844 3702 999 3768 ntuetr
1025 3703 1085 3768 hoc
1114 3704 1271 3785 genetrix,
1308 3701 1366 3766 sed
1400 3705 1459 3770 Jo-

1047 3806 1170 3871 hannes
1193 3808 1349 3872 vocitetur

843 3909 1110 3994 quemt'uut.
1137 3960 1143 3972 .
1168 3957 1207 3972 ..

333 4015 369 4076 In
394 4014 434 4078 35
458 4018 615 4101 exemplis
637 4016 795 4098 incipiunt
824 4013 887 4080 duo
916 4033 1030 4079 versus
1059 4015 1199 4080 continui
1228 4033 1249 4078 a
1274 4013 1394 4097 verbu,
1424 4017 1460 4080 in

329 4116 350 4181 8
374 4122 439 4184 tres
461 4140 574 4185 versus
597 4120 748 4186 continui.

416 4220 450 4308 b)
474 4224 601 4288 Verba
624 4243 723 4306 quae
745 4221 941 4288 similiter
964 4220 1123 4286 eadunt:

474 4327 586 4409 Verg.
610 4326 655 4391 VI
678 4325 741 4389 216
757 4347 822 4409 sq:
846 4325 1032 4391 tuteuunt
1058 4326 1165 4390 latero
1188 4375 1194 4386 .
1221 4373 1227 4387 .
1252 4372 1258 4385 .
1285 4373 1291 4385 .

842 4428 1100 4494 constituunt
1125 4426 1369 4510 decorantque.
1392 4477 1398 4489 .
1423 4469 1453 4491 .-
