3046 5206
858 457 878 520 6

370 630 465 710 Quod
497 630 550 695 diu
573 631 685 714 putavi
708 630 797 695 locos
818 628 878 694 hos
901 625 983 693 duos
1005 626 1074 692 Iuv.
1099 625 1197 694 1209
1220 657 1260 684 =
1283 630 1337 696 Lo.
1362 629 1467 694 1134

285 742 317 802 et
340 737 409 801 Iuv.
433 737 465 801 Il
488 733 551 800 716
575 762 614 788 =
637 731 729 798 Mtth.
745 732 810 797 XII
833 731 874 796 43
898 749 971 796 esse
993 731 1175 796 testimonio
1198 733 1373 799 Iuvencum
1398 732 1464 800 ad-

286 840 431 905 hibuisse
453 843 577 904 textum
599 855 752 919 graecum
776 833 809 899 id
832 834 950 900 falsum
974 852 1046 900 esse
1068 839 1183 918 postea
1204 836 1359 902 intellexi.

413 943 501 1008 Loco
524 938 626 1007 1209
651 936 827 1021 «bicpaer
850 937 1332 1020 adccscmpcpub'dctur.
1358 988 1366 1004 .
1392 992 1400 1005 .
1429 968 1460 1006 ,ν

326 1066 390 1111 vox
426 1063 590 1111 «casus»
626 1061 646 1107 a
677 1043 817 1107 luvenco
851 1040 894 1107 ad
927 1040 1059 1107 verbum
1087 1042 1246 1108 translata
1273 1062 1344 1109 esse
1374 1044 1464 1109 mihi

327 1147 500 1214 videbatur
518 1167 536 1212 e
551 1165 672 1230 graeca
687 1165 766 1211 voce
785 1149 986 1229 «πτῶσις»,
1001 1163 1098 1227 quam
1113 1143 1279 1212 codicibus
1294 1148 1327 1211 in
1341 1147 1464 1214 latinis

326 1271 385 1337 per
410 1249 581 1318 «rainu»
607 1247 700 1314 reddi
723 1248 885 1332 intellexi3
908 1249 972 1312 iam
994 1267 1071 1313 vero
1095 1247 1206 1316 codice
1225 1251 1258 1315 in
1274 1251 1464 1318 Veronensi

328 1357 427 1422 etiam
450 1374 563 1421 vocem
588 1373 769 1420 «casam»
794 1353 913 1419 inveni.

415 1458 570 1524 Similiter
593 1477 646 1523 res
675 1475 710 1523 se
736 1455 836 1521 habet
863 1456 934 1521 loco
958 1456 1059 1520 altero
1082 1456 1114 1520 Il
1138 1455 1210 1541 716,
1235 1477 1297 1540 quo
1319 1458 1462 1525 Iuvenci
1511 1467 1512 1528 l

329 1562 643 1628 circumlocutionem
671 1561 858 1643 negativam
892 1577 978 1643 «pac
1003 1558 1104 1626 calla
1137 1559 1286 1626 excurrit
1316 1561 1462 1646 fontani

325 1664 472 1752 parcitis
505 1664 616 1732 cuda»
655 1664 791 1749 petitam
822 1682 895 1728 esse
928 1663 1040 1746 putavi
1074 1683 1092 1728 e
1125 1664 1293 1729 vocabulis
1323 1669 1463 1748 graecis

331 1761 396 1832 «δι”
422 1767 585 1852 ἀνύδρων
608 1765 762 1851 τόπων»,
793 1764 879 1849 quod
902 1764 1075 1831 omnibus
1098 1767 1130 1831 in
1154 1765 1319 1833 codicibus
1341 1769 1462 1836 latinis

332 1873 383 1938 vel
406 1892 465 1958 per
490 1869 636 1937 «crida
653 1871 758 1938 ioca»
776 1871 828 1936 vel
843 1889 901 1956 per
918 1867 1058 1937 «crida
1073 1874 1109 1936 ct
1123 1870 1298 1939 aeserta»
1316 1874 1462 1958 exprimi

333 1977 510 2042 arbitratus
534 1994 613 2040 sum.
651 1973 743 2052 Quae
763 1974 871 2059 opinio
893 1994 978 2038 nune
1000 1972 1170 2058 refutatur,
1193 1995 1264 2040 cum
1287 1974 1463 2043 codicibus

310 2083 362 2145 'in
401 2081 510 2170 latinis
550 2083 582 2142 et
616 2077 877 2162 Cantabrigiensi
912 2076 962 2164 (d)
994 2083 1026 2142 et
1057 2079 1233 2146 Bobbiensi
1264 2077 1314 2166 (k)
1349 2086 1462 2149 trans-

327 2185 481 2249 lationem
504 2186 690 2248 accuratam
710 2182 888 2246 invenerim
906 2179 1159 2265 «c'cuqaosc».
1195 2182 1355 2249 Iuvencus
1376 2204 1463 2268 ergo

329 2273 643 2352 circumlocutionem
667 2287 844 2371 sumpsisse
866 2289 973 2369 potest
996 2304 1014 2349 e
1037 2289 1127 2350 textu
1150 2285 1260 2351 latino.

370 2390 494 2469 Quibus
529 2389 686 2473 exemplis
720 2389 828 2454 allatis
864 2388 1060 2471 intellegitur
1099 2392 1305 2456 iuvencum
1344 2395 1462 2458 textu
1511 2429 1512 2432 π

285 2513 433 2578 graeco
449 2511 678 2584 usumlesse.
707 2492 800 2558 Nunc
812 2489 855 2555 ad
868 2493 1088 2574 quaestionem
1105 2491 1240 2557 alteram
1257 2493 1462 2577 transgredi-

285 2617 388 2681 amur,
411 2616 486 2662 num
509 2601 631 2661 textum
655 2596 790 2661 latinum
811 2613 938 2678 quoque
961 2593 1154 2681 adhibuerit,
1177 2597 1267 2675 cuius
1290 2597 1336 2661 rei
1362 2601 1462 2664 varia

286 2701 421 2767 afferam
436 2701 595 2786 exempla,
612 2701 750 2785 primum
764 2697 854 2783 talia,
869 2698 985 2782 quibus
998 2697 1234 2765 demonstretur
1245 2700 1460 2766 Iuvencum

285 2806 487 2889 recepisse
504 2823 521 2868 e
537 2808 647 2868 textu
662 2804 788 2868 latino
804 2802 1084 2868 translationes
1099 2803 1224 2868 minus
1238 2810 1461 2872 accuratas.
1511 2843 1512 2896 ρ

414 2905 574 2972 Matthaei
600 2906 701 2972 verba
728 2907 757 2971 V
783 2905 825 2972 39
855 2906 942 2968 «ἀλλ’
971 2904 1070 2974 ὅστις
1099 2928 1133 2968 σε
1157 2905 1305 2990 perticat
1329 2907 1377 2970 ἐπὶ
1401 2909 1460 2992 τὴν
1511 2907 1512 2996 l

333 3013 431 3080 δεξιάν
456 3033 512 3072 σου
537 3009 670 3093 σιαγόνα,
695 3009 852 3094 στρέψον
876 3005 962 3096 αὐτῷ’
983 3010 1035 3072 καὶ
1057 3009 1110 3091 τὴν
1124 3007 1240 3092 ἄλλην»
1258 3011 1292 3074 in
1307 3009 1460 3077 omnibus
1511 3013 1512 3078 ἶ

329 3117 397 3181 tere
430 3113 595 3180 codicibus
621 3114 731 3179 latinis
759 3118 926 3179 vertuntur
956 3112 1014 3178 «si
1040 3111 1127 3197 quis
1156 3115 1462 3196 repercusserit
1511 3175 1512 3182 ,

329 3219 369 3285 ν’νν
398 3218 565 3284 deaterm
598 3216 774 3284 mamillam
809 3221 910 3299 tcum,
938 3216 1083 3301 praebe
1108 3211 1163 3283 c'ilc'
1189 3222 1221 3283 et
1247 3218 1457 3306 aleaume».

329 3324 499 3391 Neminem
524 3321 639 3406 effugit
661 3320 745 3386 hanc
767 3321 948 3385 versionem
971 3339 1035 3385 non
1058 3340 1130 3386 esse
1154 3327 1354 3400 accuratam:
1377 3342 1456 3387 nam

329 3447 400 3492 cum
435 3427 581 3510 legamus
614 3426 647 3489 in
674 3443 792 3507 graeco
825 3424 986 3508 «ὅστις»,
1020 3423 1106 3507 quod
1133 3424 1232 3490 latine
1262 3431 1312 3492 est
1341 3427 1453 3509 «pci-

329 3551 523 3615 cumque»,
556 3548 620 3593 non
652 3529 699 3594 ita
727 3530 760 3593 in
787 3527 991 3594 versionibus
1017 3527 1126 3593 latinis
1154 3529 1279 3614 legitur,
1314 3529 1454 3596 sedvel

331 3634 389 3701 «σν
413 3633 526 3718 qais»
572 3632 625 3697 vel
650 3631 782 3717 «palm
805 3652 878 3697 cum
900 3631 1093 3706 vocabulum
1114 3631 1326 3714 «ῥαπίζειν»
1350 3633 1453 3699 latine

331 3738 460 3824 proprie
488 3736 647 3820 significet
677 3734 841 3820 «carpo»
869 3735 922 3800 vel
950 3735 1104 3818 «palmo
1131 3733 1327 3820 caedere»,
1354 3736 1454 3801 inter·-

330 3846 498 3928 pretantur
529 3841 694 3906 versiones
727 3839 848 3904 latinae
881 3837 968 3904 haud
996 3845 1148 3904 accurate
1179 3843 1453 3928 «percuterc»;

330 3966 400 4012 cum
420 3943 633 4028 «στρέψον»
647 3942 747 4008 latine
760 3944 801 4007 sit
812 3941 854 4008 ad
865 3942 998 4007 verbum
1011 3941 1269 4009 transferendum
1285 3947 1451 4026 «verte»,

330 4057 365 4116 ut
388 4048 490 4116 codex
515 4066 643 4132 quoque
658 4046 851 4112 Bobbiensis
875 4046 1021 4112 similiter
1036 4047 1135 4112 babet
1152 4051 1392 4133 «converte»,
1415 4049 1451 4113 in

374 4307 394 4374 1)
413 4306 440 4359 in
461 4305 523 4359 cod.
541 4302 632 4359 Bobb.
652 4303 693 4372 (k)
716 4304 743 4358 in
762 4303 853 4360 John
872 4303 1260 4360 Wordsvvorth-White:
1287 4305 1341 4360 Old
1358 4303 1450 4359 Latia
1511 4335 1512 4352 r

284 4392 409 4448 Biblc'cal
425 4391 567 4446 TectaII.
586 4389 702 4460 legitur:
723 4394 781 4446 «cct
799 4390 857 4462 qui
875 4393 901 4446 tc
919 4390 1176 4463 capclmavcrc't
1191 4432 1196 4444 .
1210 4432 1216 4444 .
1230 4429 1236 4442 .
1250 4432 1269 4458 .‚
1288 4393 1449 4448 conuerte

284 4480 329 4535 illi
347 4482 373 4534 et
391 4479 535 4534 alterum».
1511 4475 1512 4486 ¹
