<?xml version="1.0" encoding="UTF-8"?>
<!DOCTYPE html PUBLIC "-//W3C//DTD XHTML 1.0 Transitional//EN"
    "http://www.w3.org/TR/xhtml1/DTD/xhtml1-transitional.dtd">
<html xmlns="http://www.w3.org/1999/xhtml" xml:lang="en" lang="en">
 <head>
  <title>
</title>
<meta http-equiv="Content-Type" content="text/html;charset=utf-8" />
  <meta name='ocr-system' content='tesseract 3.04.00' />
  <meta name='ocr-capabilities' content='ocr_page ocr_carea ocr_par ocr_line ocrx_word'/>
</head>
<body>
  <div class='ocr_page' id='page_1' title='image "./degaiovettioaqu00widmgoog/degaiovettioaqu00widmgoog_0022.png"; bbox 0 0 3046 5206; ppageno 0'>
   <div class='ocr_carea' id='block_1_1' title="bbox 558 447 759 544">
    <p class='ocr_par' dir='ltr' id='par_1_1' title="bbox 558 447 759 544">
     <span class='ocr_line' id='line_1_1' title="bbox 558 447 759 544; baseline 0 0"><span class='ocrx_word' id='word_1_1' title='bbox 558 447 759 544; x_wconf 38' lang='lat' dir='ltr'>*n—</span> 
     </span>
    </p>
   </div>
   <div class='ocr_carea' id='block_1_2' title="bbox 62 617 1240 1740">
    <p class='ocr_par' dir='ltr' id='par_1_2' title="bbox 62 617 1240 1740">
     <span class='ocr_line' id='line_1_2' title="bbox 62 617 1239 702; baseline -0.002 -19"><span class='ocrx_word' id='word_1_2' title='bbox 62 618 381 684; x_wconf 87' lang='lat' dir='ltr'>versum-dioam</span> <span class='ocrx_word' id='word_1_3' title='bbox 404 617 450 683; x_wconf 92' lang='lat' dir='ltr'>de</span> <span class='ocrx_word' id='word_1_4' title='bbox 473 620 635 684; x_wconf 88' lang='lat' dir='ltr'>Iuvenoi</span> <span class='ocrx_word' id='word_1_5' title='bbox 657 620 805 683; x_wconf 91' lang='lat' dir='ltr'>virtute</span> <span class='ocrx_word' id='word_1_6' title='bbox 828 619 998 702; x_wconf 90' lang='lat' dir='ltr'>poetica.</span> <span class='ocrx_word' id='word_1_7' title='bbox 1036 617 1239 699; x_wconf 77' lang='lat' dir='ltr'><strong>Quamquam</strong></span> 
     </span>
     <span class='ocr_line' id='line_1_3' title="bbox 63 720 1239 807; baseline -0.001 -21"><span class='ocrx_word' id='word_1_8' title='bbox 63 722 153 786; x_wconf 91' lang='lat' dir='ltr'><strong>nihil</strong></span> <span class='ocrx_word' id='word_1_9' title='bbox 179 725 254 787; x_wconf 90' lang='lat' dir='ltr'>novi</span> <span class='ocrx_word' id='word_1_10' title='bbox 282 721 390 788; x_wconf 91' lang='lat' dir='ltr'>dicere</span> <span class='ocrx_word' id='word_1_11' title='bbox 417 741 559 807; x_wconf 88' lang='lat' dir='ltr'>possum,</span> <span class='ocrx_word' id='word_1_12' title='bbox 588 723 740 804; x_wconf 88' lang='lat' dir='ltr'>quoniam</span> <span class='ocrx_word' id='word_1_13' title='bbox 767 723 827 785; x_wconf 89' lang='lat' dir='ltr'>viri</span> <span class='ocrx_word' id='word_1_14' title='bbox 856 720 1034 787; x_wconf 81' lang='lat' dir='ltr'>doctissimi</span> <span class='ocrx_word' id='word_1_15' title='bbox 1057 720 1098 786; x_wconf 95' lang='lat' dir='ltr'>de</span> <span class='ocrx_word' id='word_1_16' title='bbox 1120 721 1182 786; x_wconf 87' lang='lat' dir='ltr'>hac</span> <span class='ocrx_word' id='word_1_17' title='bbox 1205 739 1239 785; x_wconf 89' lang='lat' dir='ltr'>re</span> 
     </span>
     <span class='ocr_line' id='line_1_4' title="bbox 64 824 1240 910; baseline -0.003 -19"><span class='ocrx_word' id='word_1_18' title='bbox 64 832 219 910; x_wconf 88' lang='lat' dir='ltr'>egerunt,</span> <span class='ocrx_word' id='word_1_19' title='bbox 253 846 386 909; x_wconf 90' lang='lat' dir='ltr'>quorum</span> <span class='ocrx_word' id='word_1_20' title='bbox 420 831 514 892; x_wconf 89' lang='lat' dir='ltr'>nemo</span> <span class='ocrx_word' id='word_1_21' title='bbox 544 845 592 910; x_wconf 85' lang='lat' dir='ltr'>ea,</span> <span class='ocrx_word' id='word_1_22' title='bbox 628 831 711 907; x_wconf 87' lang='lat' dir='ltr'>quae</span> <span class='ocrx_word' id='word_1_23' title='bbox 738 824 906 909; x_wconf 87' lang='lat' dir='ltr'>Adolpbus</span> <span class='ocrx_word' id='word_1_24' title='bbox 928 825 1086 908; x_wconf 66' lang='lat' dir='ltr'>,uberta</span> <span class='ocrx_word' id='word_1_25' title='bbox 1120 825 1240 908; x_wconf 91' lang='lat' dir='ltr'>optime</span> 
     </span>
     <span class='ocr_line' id='line_1_5' title="bbox 63 927 1240 1014; baseline -0.002 -21"><span class='ocrx_word' id='word_1_26' title='bbox 63 928 396 1014; x_wconf 90' lang='lat' dir='ltr'>praeclarissimeque</span> <span class='ocrx_word' id='word_1_27' title='bbox 429 931 568 1014; x_wconf 77' lang='lat' dir='ltr'>scripsit,</span> <span class='ocrx_word' id='word_1_28' title='bbox 606 930 780 1013; x_wconf 90' lang='lat' dir='ltr'>superavit.</span> <span class='ocrx_word' id='word_1_29' title='bbox 831 929 1005 994; x_wconf 92' lang='lat' dir='ltr'>Iuvencum</span> <span class='ocrx_word' id='word_1_30' title='bbox 1040 947 1104 1011; x_wconf 82' lang='lat' dir='ltr'>non</span> <span class='ocrx_word' id='word_1_31' title='bbox 1138 927 1240 992; x_wconf 91' lang='lat' dir='ltr'>solum</span> 
     </span>
     <span class='ocr_line' id='line_1_6' title="bbox 65 1030 1240 1118; baseline -0.001 -21"><span class='ocrx_word' id='word_1_32' title='bbox 65 1033 307 1116; x_wconf 86' lang='lat' dir='ltr'>antiquissimis</span> <span class='ocrx_word' id='word_1_33' title='bbox 341 1034 539 1118; x_wconf 88' lang='lat' dir='ltr'>temporibus</span> <span class='ocrx_word' id='word_1_34' title='bbox 573 1033 767 1118; x_wconf 61' lang='lat' dir='ltr'>christanis,</span> <span class='ocrx_word' id='word_1_35' title='bbox 801 1031 859 1099; x_wconf 90' lang='lat' dir='ltr'>sed</span> <span class='ocrx_word' id='word_1_36' title='bbox 892 1035 991 1099; x_wconf 86' lang='lat' dir='ltr'>etiam</span> <span class='ocrx_word' id='word_1_37' title='bbox 1019 1030 1127 1097; x_wconf 87' lang='lat' dir='ltr'>media</span> <span class='ocrx_word' id='word_1_38' title='bbox 1157 1051 1240 1114; x_wconf 89' lang='lat' dir='ltr'>quae</span> 
     </span>
     <span class='ocr_line' id='line_1_7' title="bbox 66 1134 1240 1220; baseline 0 -19"><span class='ocrx_word' id='word_1_39' title='bbox 66 1143 208 1202; x_wconf 88' lang='lat' dir='ltr'>vocatur</span> <span class='ocrx_word' id='word_1_40' title='bbox 235 1141 342 1202; x_wconf 83' lang='lat' dir='ltr'>aetate</span> <span class='ocrx_word' id='word_1_41' title='bbox 371 1142 404 1202; x_wconf 90' lang='lat' dir='ltr'>et</span> <span class='ocrx_word' id='word_1_42' title='bbox 430 1137 546 1202; x_wconf 88' lang='lat' dir='ltr'>litterIs</span> <span class='ocrx_word' id='word_1_43' title='bbox 574 1139 696 1203; x_wconf 88' lang='lat' dir='ltr'>renatis</span> <span class='ocrx_word' id='word_1_44' title='bbox 724 1157 843 1220; x_wconf 89' lang='lat' dir='ltr'>magna</span> <span class='ocrx_word' id='word_1_45' title='bbox 875 1139 1066 1202; x_wconf 86' lang='lat' dir='ltr'>auctoritate</span> <span class='ocrx_word' id='word_1_46' title='bbox 1093 1134 1240 1201; x_wconf 89' lang='lat' dir='ltr'>floruisse</span> 
     </span>
     <span class='ocr_line' id='line_1_8' title="bbox 68 1239 1240 1322; baseline -0.004 -16"><span class='ocrx_word' id='word_1_47' title='bbox 68 1246 102 1306; x_wconf 90' lang='lat' dir='ltr'>et</span> <span class='ocrx_word' id='word_1_48' title='bbox 126 1241 307 1306; x_wconf 86' lang='lat' dir='ltr'>lectitatum</span> <span class='ocrx_word' id='word_1_49' title='bbox 332 1259 404 1306; x_wconf 89' lang='lat' dir='ltr'>esse</span> <span class='ocrx_word' id='word_1_50' title='bbox 426 1242 511 1305; x_wconf 87' lang='lat' dir='ltr'>inter</span> <span class='ocrx_word' id='word_1_51' title='bbox 534 1260 645 1306; x_wconf 90' lang='lat' dir='ltr'>omnes</span> <span class='ocrx_word' id='word_1_52' title='bbox 668 1245 804 1306; x_wconf 87' lang='lat' dir='ltr'>constat.</span> <span class='ocrx_word' id='word_1_53' title='bbox 849 1239 1049 1322; x_wconf 84' lang='lat' dir='ltr'>Argumenta</span> <span class='ocrx_word' id='word_1_54' title='bbox 1077 1239 1171 1304; x_wconf 92' lang='lat' dir='ltr'>huius</span> <span class='ocrx_word' id='word_1_55' title='bbox 1193 1241 1240 1303; x_wconf 90' lang='lat' dir='ltr'>rei</span> 
     </span>
     <span class='ocr_line' id='line_1_9' title="bbox 68 1340 1240 1428; baseline -0.003 -19"><span class='ocrx_word' id='word_1_56' title='bbox 68 1349 268 1410; x_wconf 89' lang='lat' dir='ltr'>conservata</span> <span class='ocrx_word' id='word_1_57' title='bbox 311 1343 508 1428; x_wconf 91' lang='lat' dir='ltr'>collegerunt</span> <span class='ocrx_word' id='word_1_58' title='bbox 544 1343 811 1427; x_wconf 77' lang='lat' dir='ltr'>Reuscbius2),</span> <span class='ocrx_word' id='word_1_59' title='bbox 852 1340 1093 1428; x_wconf 78' lang='lat' dir='ltr'>Arevalus³)‚</span> <span class='ocrx_word' id='word_1_60' title='bbox 1135 1341 1240 1406; x_wconf 89' lang='lat' dir='ltr'>denuo</span> 
     </span>
     <span class='ocr_line' id='line_1_10' title="bbox 68 1444 1239 1533; baseline -0.003 -21"><span class='ocrx_word' id='word_1_61' title='bbox 68 1444 324 1533; x_wconf 77' lang='lat' dir='ltr'>Huemerus4)</span> <span class='ocrx_word' id='word_1_62' title='bbox 349 1449 466 1530; x_wconf 90' lang='lat' dir='ltr'>quibus</span> <span class='ocrx_word' id='word_1_63' title='bbox 488 1448 687 1530; x_wconf 77' lang='lat' dir='ltr'>argumentis</span> <span class='ocrx_word' id='word_1_64' title='bbox 709 1446 770 1512; x_wconf 90' lang='lat' dir='ltr'>hoc</span> <span class='ocrx_word' id='word_1_65' title='bbox 793 1466 890 1512; x_wconf 92' lang='lat' dir='ltr'>unum</span> <span class='ocrx_word' id='word_1_66' title='bbox 914 1448 969 1512; x_wconf 90' lang='lat' dir='ltr'>scl.</span> <span class='ocrx_word' id='word_1_67' title='bbox 990 1447 1060 1512; x_wconf 88' lang='lat' dir='ltr'>XV.</span> <span class='ocrx_word' id='word_1_68' title='bbox 1082 1446 1135 1511; x_wconf 90' lang='lat' dir='ltr'>vel</span> <span class='ocrx_word' id='word_1_69' title='bbox 1152 1445 1239 1510; x_wconf 88' lang='lat' dir='ltr'>XVI.</span> 
     </span>
     <span class='ocr_line' id='line_1_11' title="bbox 70 1549 1240 1636; baseline -0.003 -21"><span class='ocrx_word' id='word_1_70' title='bbox 70 1571 214 1636; x_wconf 87' lang='lat' dir='ltr'>appono,</span> <span class='ocrx_word' id='word_1_71' title='bbox 238 1549 324 1634; x_wconf 91' lang='lat' dir='ltr'>quod</span> <span class='ocrx_word' id='word_1_72' title='bbox 346 1553 409 1618; x_wconf 93' lang='lat' dir='ltr'>nisi</span> <span class='ocrx_word' id='word_1_73' title='bbox 431 1550 536 1635; x_wconf 83' lang='lat' dir='ltr'>fallor,</span> <span class='ocrx_word' id='word_1_74' title='bbox 558 1549 777 1617; x_wconf 80' lang='lat' dir='ltr'>nemo&#39;adhuc</span> <span class='ocrx_word' id='word_1_75' title='bbox 793 1552 1063 1616; x_wconf 88' lang='lat' dir='ltr'>commemoravit.</span> <span class='ocrx_word' id='word_1_76' title='bbox 1082 1584 1083 1588; x_wconf 59' lang='lat'><em>=</em></span> <span class='ocrx_word' id='word_1_77' title='bbox 1101 1549 1240 1614; x_wconf 82' lang='lat' dir='ltr'>Exstant</span> 
     </span>
     <span class='ocr_line' id='line_1_12' title="bbox 70 1650 1239 1740; baseline 0.001 -22"><span class='ocrx_word' id='word_1_78' title='bbox 70 1658 105 1719; x_wconf 85' lang='lat' dir='ltr'>In</span> <span class='ocrx_word' id='word_1_79' title='bbox 124 1653 256 1740; x_wconf 71' lang='lat' dir='ltr'>«etepns</span> <span class='ocrx_word' id='word_1_80' title='bbox 277 1653 476 1720; x_wconf 81' lang='lat' dir='ltr'>moralibus»</span> <span class='ocrx_word' id='word_1_81' title='bbox 494 1654 647 1720; x_wconf 85' lang='lat' dir='ltr'>Iohannis</span> <span class='ocrx_word' id='word_1_82' title='bbox 661 1653 905 1740; x_wconf 84' lang='lat' dir='ltr'>Murmellii⁵)</span> <span class='ocrx_word' id='word_1_83' title='bbox 922 1673 1035 1719; x_wconf 88' lang='lat' dir='ltr'>versus</span> <span class='ocrx_word' id='word_1_84' title='bbox 1050 1654 1065 1717; x_wconf 96' lang='grc' dir='ltr'>Ι</span> <span class='ocrx_word' id='word_1_85' title='bbox 1083 1654 1111 1739; x_wconf 85' lang='lat'>1,</span> <span class='ocrx_word' id='word_1_86' title='bbox 1126 1650 1239 1737; x_wconf 72' lang='lat' dir='ltr'>35l36:</span> 
     </span>
    </p>
   </div>
   <div class='ocr_carea' id='block_1_3' title="bbox 231 1773 1205 1964">
    <p class='ocr_par' dir='ltr' id='par_1_3' title="bbox 231 1773 1205 1964">
     <span class='ocr_line' id='line_1_13' title="bbox 231 1773 1205 1860; baseline 0 -20"><span class='ocrx_word' id='word_1_87' title='bbox 231 1773 436 1859; x_wconf 78' lang='lat' dir='ltr'>«Composuit</span> <span class='ocrx_word' id='word_1_88' title='bbox 456 1779 571 1842; x_wconf 85' lang='lat' dir='ltr'>nostra</span> <span class='ocrx_word' id='word_1_89' title='bbox 593 1775 766 1841; x_wconf 85' lang='lat' dir='ltr'>redimitas</span> <span class='ocrx_word' id='word_1_90' title='bbox 787 1775 905 1860; x_wconf 79' lang='lat' dir='ltr'>frende</span> <span class='ocrx_word' id='word_1_91' title='bbox 927 1774 1093 1840; x_wconf 78' lang='lat' dir='ltr'>Iuvencus</span> <span class='ocrx_word' id='word_1_92' title='bbox 1201 1779 1205 1794; x_wconf 73' lang='lat'><em>⁶</em></span> 
     </span>
     <span class='ocr_line' id='line_1_14' title="bbox 249 1878 962 1964; baseline -0.003 -19"><span class='ocrx_word' id='word_1_93' title='bbox 249 1879 387 1945; x_wconf 80' lang='lat' dir='ltr'>Sacram</span> <span class='ocrx_word' id='word_1_94' title='bbox 409 1879 573 1964; x_wconf 71' lang='lat' dir='ltr'>euangelii</span> <span class='ocrx_word' id='word_1_95' title='bbox 594 1879 742 1945; x_wconf 77' lang='lat' dir='ltr'>versibus</span> <span class='ocrx_word' id='word_1_96' title='bbox 764 1878 962 1944; x_wconf 80' lang='lat' dir='ltr'>historiam.»</span> 
     </span>
    </p>
   </div>
   <div class='ocr_carea' id='block_1_4' title="bbox 5 1999 1241 2707">
    <p class='ocr_par' dir='ltr' id='par_1_4' title="bbox 5 1999 1241 2707">
     <span class='ocr_line' id='line_1_15' title="bbox 160 1999 1239 2066; baseline -0.001 -1"><span class='ocrx_word' id='word_1_97' title='bbox 160 2002 333 2066; x_wconf 89' lang='lat' dir='ltr'>Iuvenoum</span> <span class='ocrx_word' id='word_1_98' title='bbox 358 2001 466 2066; x_wconf 90' lang='lat' dir='ltr'>media</span> <span class='ocrx_word' id='word_1_99' title='bbox 489 2006 597 2066; x_wconf 88' lang='lat' dir='ltr'>aetate</span> <span class='ocrx_word' id='word_1_100' title='bbox 620 2002 760 2065; x_wconf 87' lang='lat' dir='ltr'>maxime</span> <span class='ocrx_word' id='word_1_101' title='bbox 782 2003 815 2064; x_wconf 93' lang='lat' dir='ltr'>in</span> <span class='ocrx_word' id='word_1_102' title='bbox 838 1999 957 2066; x_wconf 89' lang='lat' dir='ltr'>sobolis</span> <span class='ocrx_word' id='word_1_103' title='bbox 972 1999 1152 2064; x_wconf 88' lang='lat' dir='ltr'>lectitatum</span> <span class='ocrx_word' id='word_1_104' title='bbox 1168 2019 1239 2064; x_wconf 89' lang='lat' dir='ltr'>esse</span> 
     </span>
     <span class='ocr_line' id='line_1_16' title="bbox 72 2099 1239 2189; baseline 0.001 -21"><span class='ocrx_word' id='word_1_105' title='bbox 72 2106 260 2170; x_wconf 87' lang='lat' dir='ltr'>testimonia</span> <span class='ocrx_word' id='word_1_106' title='bbox 283 2106 464 2170; x_wconf 88' lang='lat' dir='ltr'>invenimus</span> <span class='ocrx_word' id='word_1_107' title='bbox 486 2107 519 2170; x_wconf 95' lang='lat' dir='ltr'>in</span> <span class='ocrx_word' id='word_1_108' title='bbox 542 2104 779 2189; x_wconf 86' lang='lat' dir='ltr'>prolegomenis</span> <span class='ocrx_word' id='word_1_109' title='bbox 801 2103 972 2169; x_wconf 80' lang='lat' dir='ltr'>volumInis</span> <span class='ocrx_word' id='word_1_110' title='bbox 987 2103 1060 2167; x_wconf 86' lang='lat' dir='ltr'>XII.</span> <span class='ocrx_word' id='word_1_111' title='bbox 1102 2099 1239 2168; x_wconf 87' lang='lat' dir='ltr'>«Mona-</span> 
     </span>
     <span class='ocr_line' id='line_1_17' title="bbox 72 2206 1240 2293; baseline -0.002 -19"><span class='ocrx_word' id='word_1_112' title='bbox 72 2213 257 2274; x_wconf 89' lang='lat' dir='ltr'>menternm</span> <span class='ocrx_word' id='word_1_113' title='bbox 281 2207 482 2274; x_wconf 78' lang='lat' dir='ltr'>Germaniae</span> <span class='ocrx_word' id='word_1_114' title='bbox 498 2207 810 2293; x_wconf 77' lang='lat' dir='ltr'>paedapopimrnm»</span> <span class='ocrx_word' id='word_1_115' title='bbox 830 2229 861 2291; x_wconf 91' lang='lat' dir='ltr'>p.</span> <span class='ocrx_word' id='word_1_116' title='bbox 877 2207 988 2288; x_wconf 85' lang='lat' dir='ltr'>XVIII</span> <span class='ocrx_word' id='word_1_117' title='bbox 1011 2212 1043 2271; x_wconf 91' lang='lat' dir='ltr'>et</span> <span class='ocrx_word' id='word_1_118' title='bbox 1065 2208 1098 2271; x_wconf 86' lang='lat' dir='ltr'>ln</span> <span class='ocrx_word' id='word_1_119' title='bbox 1113 2206 1240 2272; x_wconf 89' lang='lat' dir='ltr'>Ottonis</span> 
     </span>
     <span class='ocr_line' id='line_1_18' title="bbox 72 2309 1241 2396; baseline 0 -20"><span class='ocrx_word' id='word_1_120' title='bbox 72 2313 186 2377; x_wconf 88' lang='lat' dir='ltr'>Denk</span> <span class='ocrx_word' id='word_1_121' title='bbox 215 2313 296 2379; x_wconf 92' lang='lat' dir='ltr'>libro</span> <span class='ocrx_word' id='word_1_122' title='bbox 325 2314 377 2396; x_wconf 91' lang='lat' dir='ltr'>qui</span> <span class='ocrx_word' id='word_1_123' title='bbox 407 2313 592 2378; x_wconf 89' lang='lat' dir='ltr'>inscribitur</span> <span class='ocrx_word' id='word_1_124' title='bbox 623 2309 829 2377; x_wconf 79' lang='lat' dir='ltr'>«Gescbr&#39;chte</span> <span class='ocrx_word' id='word_1_125' title='bbox 858 2312 912 2377; x_wconf 86' lang='lat' dir='ltr'>des</span> <span class='ocrx_word' id='word_1_126' title='bbox 931 2309 1241 2396; x_wconf 69' lang='lat' dir='ltr'>gallofrdnlrischen</span> 
     </span>
     <span class='ocr_line' id='line_1_19' title="bbox 5 2409 1240 2500; baseline -0.001 -20"><span class='ocrx_word' id='word_1_127' title='bbox 5 2431 6 2436; x_wconf 73' lang='grc'>’</span> <span class='ocrx_word' id='word_1_128' title='bbox 81 2413 304 2482; x_wconf 82' lang='lat' dir='ltr'>Unterrielrta-</span> <span class='ocrx_word' id='word_1_129' title='bbox 338 2416 410 2482; x_wconf 85' lang='lat' dir='ltr'>and</span> <span class='ocrx_word' id='word_1_130' title='bbox 441 2409 733 2500; x_wconf 79' lang='lat' dir='ltr'>Biidanpsrcesens</span> <span class='ocrx_word' id='word_1_131' title='bbox 763 2436 828 2480; x_wconf 84' lang='lat' dir='ltr'>oon</span> <span class='ocrx_word' id='word_1_132' title='bbox 861 2415 924 2480; x_wconf 88' lang='lat' dir='ltr'>den</span> <span class='ocrx_word' id='word_1_133' title='bbox 958 2415 1093 2481; x_wconf 79' lang='lat' dir='ltr'>ditesten</span> <span class='ocrx_word' id='word_1_134' title='bbox 1124 2413 1240 2479; x_wconf 85' lang='lat' dir='ltr'>Zeiten</span> 
     </span>
     <span class='ocr_line' id='line_1_20' title="bbox 76 2516 1238 2606; baseline -0.003 -21"><span class='ocrx_word' id='word_1_135' title='bbox 76 2520 126 2585; x_wconf 90' lang='lat' dir='ltr'>bis</span> <span class='ocrx_word' id='word_1_136' title='bbox 155 2521 222 2606; x_wconf 84' lang='lat' dir='ltr'>anf</span> <span class='ocrx_word' id='word_1_137' title='bbox 245 2519 338 2586; x_wconf 86' lang='lat' dir='ltr'>Karl</span> <span class='ocrx_word' id='word_1_138' title='bbox 365 2520 425 2586; x_wconf 86' lang='lat' dir='ltr'>den</span> <span class='ocrx_word' id='word_1_139' title='bbox 450 2519 589 2600; x_wconf 65' lang='lat' dir='ltr'>(irenen,</span> <span class='ocrx_word' id='word_1_140' title='bbox 614 2517 742 2600; x_wconf 78' lang='lat' dir='ltr'>Maiae,</span> <span class='ocrx_word' id='word_1_141' title='bbox 767 2516 1238 2601; x_wconf 73' lang='lat' dir='ltr'>FranzKirchbeim,1892,</span> 
     </span>
     <span class='ocr_line' id='line_1_21' title="bbox 69 2625 235 2707; baseline -0.006 -19"><span class='ocrx_word' id='word_1_142' title='bbox 69 2644 103 2707; x_wconf 75' lang='lat' dir='ltr'>p.</span> <span class='ocrx_word' id='word_1_143' title='bbox 128 2625 235 2688; x_wconf 58' lang='grc'><em>232.»</em></span> 
     </span>
    </p>
   </div>
   <div class='ocr_carea' id='block_1_5' title="bbox 73 2741 1240 3556">
    <p class='ocr_par' dir='ltr' id='par_1_5' title="bbox 73 2741 1240 3556">
     <span class='ocr_line' id='line_1_22' title="bbox 105 2741 1239 2833; baseline -0.002 -24"><span class='ocrx_word' id='word_1_144' title='bbox 105 2831 107 2833; x_wconf 20' lang='grc'><strong>,</strong></span> <span class='ocrx_word' id='word_1_145' title='bbox 161 2743 285 2822; x_wconf 77' lang='lat' dir='ltr'>Quibus</span> <span class='ocrx_word' id='word_1_146' title='bbox 301 2765 342 2810; x_wconf 81' lang='lat' dir='ltr'>ex</span> <span class='ocrx_word' id='word_1_147' title='bbox 358 2742 560 2810; x_wconf 81' lang='lat' dir='ltr'>documentis</span> <span class='ocrx_word' id='word_1_148' title='bbox 575 2741 729 2808; x_wconf 88' lang='lat' dir='ltr'>discimus</span> <span class='ocrx_word' id='word_1_149' title='bbox 744 2744 917 2808; x_wconf 90' lang='lat' dir='ltr'>Iuvencum</span> <span class='ocrx_word' id='word_1_150' title='bbox 934 2743 1131 2828; x_wconf 87' lang='lat' dir='ltr'>temporibus</span> <span class='ocrx_word' id='word_1_151' title='bbox 1146 2763 1239 2827; x_wconf 87' lang='lat' dir='ltr'>prae·</span> 
     </span>
     <span class='ocr_line' id='line_1_23' title="bbox 73 2849 1237 2932; baseline -0.003 -20"><span class='ocrx_word' id='word_1_152' title='bbox 73 2849 178 2913; x_wconf 89' lang='lat' dir='ltr'>teritis</span> <span class='ocrx_word' id='word_1_153' title='bbox 213 2849 430 2913; x_wconf 86' lang='lat' dir='ltr'>existimatum</span> <span class='ocrx_word' id='word_1_154' title='bbox 464 2866 536 2912; x_wconf 91' lang='lat' dir='ltr'>esse</span> <span class='ocrx_word' id='word_1_155' title='bbox 570 2867 724 2930; x_wconf 88' lang='lat' dir='ltr'>magnum</span> <span class='ocrx_word' id='word_1_156' title='bbox 756 2851 887 2931; x_wconf 90' lang='lat' dir='ltr'>poetam</span> <span class='ocrx_word' id='word_1_157' title='bbox 921 2853 964 2912; x_wconf 88' lang='lat' dir='ltr'>ct·</span> <span class='ocrx_word' id='word_1_158' title='bbox 985 2853 1237 2932; x_wconf 87' lang='lat' dir='ltr'>praeceptorem.</span> 
     </span>
     <span class='ocr_line' id='line_1_24' title="bbox 76 2949 1239 3034; baseline -0.003 -17"><span class='ocrx_word' id='word_1_159' title='bbox 76 2950 142 3017; x_wconf 87' lang='lat' dir='ltr'>Sed</span> <span class='ocrx_word' id='word_1_160' title='bbox 164 2970 262 3034; x_wconf 89' lang='lat' dir='ltr'>quam</span> <span class='ocrx_word' id='word_1_161' title='bbox 286 2950 446 3032; x_wconf 87' lang='lat' dir='ltr'>diversum</span> <span class='ocrx_word' id='word_1_162' title='bbox 473 2950 627 3016; x_wconf 80' lang='lat' dir='ltr'>iudicIum</span> <span class='ocrx_word' id='word_1_163' title='bbox 653 2970 713 3016; x_wconf 92' lang='lat' dir='ltr'>nos</span> <span class='ocrx_word' id='word_1_164' title='bbox 741 2949 878 3016; x_wconf 80' lang='lat' dir='ltr'>facimus</span> <span class='ocrx_word' id='word_1_165' title='bbox 905 2950 946 3016; x_wconf 91' lang='lat' dir='ltr'>de</span> <span class='ocrx_word' id='word_1_166' title='bbox 971 2952 1125 3016; x_wconf 86' lang='lat' dir='ltr'>Iuvenca!</span> <span class='ocrx_word' id='word_1_167' title='bbox 1170 2951 1239 3015; x_wconf 82' lang='lat' dir='ltr'>Etsi</span> 
     </span>
     <span class='ocr_line' id='line_1_25' title="bbox 75 3044 1239 3139; baseline 0.001 -21"><span class='ocrx_word' id='word_1_168' title='bbox 75 3056 215 3120; x_wconf 85' lang='lat' dir='ltr'>maxime</span> <span class='ocrx_word' id='word_1_169' title='bbox 244 3053 428 3120; x_wconf 89' lang='lat' dir='ltr'>laudandus</span> <span class='ocrx_word' id='word_1_170' title='bbox 456 3044 515 3139; x_wconf 47' lang='lat' dir='ltr'>est)</span> <span class='ocrx_word' id='word_1_171' title='bbox 545 3053 630 3137; x_wconf 92' lang='lat' dir='ltr'>quod</span> <span class='ocrx_word' id='word_1_172' title='bbox 657 3055 699 3120; x_wconf 93' lang='lat' dir='ltr'>ab</span> <span class='ocrx_word' id='word_1_173' title='bbox 728 3061 917 3138; x_wconf 88' lang='lat' dir='ltr'>argumento</span> <span class='ocrx_word' id='word_1_174' title='bbox 945 3057 1016 3139; x_wconf 92' lang='lat' dir='ltr'>ipso</span> <span class='ocrx_word' id='word_1_175' title='bbox 1041 3059 1152 3121; x_wconf 88' lang='lat' dir='ltr'>sancto</span> <span class='ocrx_word' id='word_1_176' title='bbox 1175 3045 1239 3119; x_wconf 92' lang='lat' dir='ltr'>non</span> 
     </span>
     <span class='ocr_line' id='line_1_26' title="bbox 76 3156 1239 3243; baseline 0.001 -21"><span class='ocrx_word' id='word_1_177' title='bbox 76 3157 210 3240; x_wconf 86' lang='lat' dir='ltr'>defecit,</span> <span class='ocrx_word' id='word_1_178' title='bbox 245 3165 354 3225; x_wconf 91' lang='lat' dir='ltr'>tamen</span> <span class='ocrx_word' id='word_1_179' title='bbox 388 3159 657 3243; x_wconf 88' lang='lat' dir='ltr'>vituperationem</span> <span class='ocrx_word' id='word_1_180' title='bbox 690 3179 754 3223; x_wconf 95' lang='lat' dir='ltr'>non</span> <span class='ocrx_word' id='word_1_181' title='bbox 783 3159 913 3241; x_wconf 81' lang='lat' dir='ltr'>effugii,</span> <span class='ocrx_word' id='word_1_182' title='bbox 947 3156 1033 3241; x_wconf 91' lang='lat' dir='ltr'>quod</span> <span class='ocrx_word' id='word_1_183' title='bbox 1061 3157 1239 3242; x_wconf 92' lang='lat' dir='ltr'>simplicem</span> 
     </span>
     <span class='ocr_line' id='line_1_27' title="bbox 75 3260 1240 3346; baseline 0.001 -21"><span class='ocrx_word' id='word_1_184' title='bbox 75 3267 259 3345; x_wconf 89' lang='lat' dir='ltr'>rectumque</span> <span class='ocrx_word' id='word_1_185' title='bbox 299 3261 501 3345; x_wconf 89' lang='lat' dir='ltr'>eundemque</span> <span class='ocrx_word' id='word_1_186' title='bbox 539 3261 665 3327; x_wconf 85' lang='lat' dir='ltr'>dulcem</span> <span class='ocrx_word' id='word_1_187' title='bbox 707 3260 928 3346; x_wconf 88' lang='lat' dir='ltr'>grandemque</span> <span class='ocrx_word' id='word_1_188' title='bbox 966 3262 1240 3345; x_wconf 84' lang='lat' dir='ltr'>evangelistarum</span> 
     </span>
     <span class='ocr_line' id='line_1_28' title="bbox 76 3365 1239 3451; baseline -0.001 -21"><span class='ocrx_word' id='word_1_189' title='bbox 76 3386 254 3433; x_wconf 91' lang='lat' dir='ltr'>sermonem</span> <span class='ocrx_word' id='word_1_190' title='bbox 277 3368 422 3431; x_wconf 89' lang='lat' dir='ltr'>oratione</span> <span class='ocrx_word' id='word_1_191' title='bbox 450 3366 611 3432; x_wconf 89' lang='lat' dir='ltr'>rhetorica</span> <span class='ocrx_word' id='word_1_192' title='bbox 639 3365 770 3430; x_wconf 89' lang='lat' dir='ltr'>fucavit.</span> <span class='ocrx_word' id='word_1_193' title='bbox 815 3367 917 3431; x_wconf 87' lang='lat' dir='ltr'>Multa</span> <span class='ocrx_word' id='word_1_194' title='bbox 945 3366 1095 3451; x_wconf 86' lang='lat' dir='ltr'>exempla</span> <span class='ocrx_word' id='word_1_195' title='bbox 1121 3366 1239 3430; x_wconf 89' lang='lat' dir='ltr'>afferre</span> 
     </span>
     <span class='ocr_line' id='line_1_29' title="bbox 77 3468 1239 3556; baseline -0.002 -21"><span class='ocrx_word' id='word_1_196' title='bbox 77 3490 216 3556; x_wconf 88' lang='lat' dir='ltr'>possum,</span> <span class='ocrx_word' id='word_1_197' title='bbox 240 3468 298 3536; x_wconf 92' lang='lat' dir='ltr'>sed</span> <span class='ocrx_word' id='word_1_198' title='bbox 322 3469 441 3536; x_wconf 84' lang='lat' dir='ltr'>suflicit</span> <span class='ocrx_word' id='word_1_199' title='bbox 462 3470 523 3534; x_wconf 91' lang='lat' dir='ltr'>hoo</span> <span class='ocrx_word' id='word_1_200' title='bbox 546 3489 658 3536; x_wconf 90' lang='lat' dir='ltr'>unum:</span> <span class='ocrx_word' id='word_1_201' title='bbox 681 3469 773 3534; x_wconf 86' lang='lat' dir='ltr'>Mtth.</span> <span class='ocrx_word' id='word_1_202' title='bbox 791 3470 891 3535; x_wconf 90' lang='lat' dir='ltr'>verba</span> <span class='ocrx_word' id='word_1_203' title='bbox 906 3470 971 3534; x_wconf 90' lang='lat' dir='ltr'>XII</span> <span class='ocrx_word' id='word_1_204' title='bbox 986 3471 1027 3534; x_wconf 87' lang='lat'>37</span> <span class='ocrx_word' id='word_1_205' title='bbox 1053 3490 1111 3534; x_wconf 78' lang='lat' dir='ltr'>«ea</span> <span class='ocrx_word' id='word_1_206' title='bbox 1133 3468 1239 3534; x_wconf 84' lang='lat' dir='ltr'>uerbis</span> 
     </span>
    </p>
   </div>
   <div class='ocr_carea' id='block_1_6' title="bbox 79 3602 981 3636">
    <p class='ocr_par' dir='ltr' id='par_1_6' title="bbox 79 3602 981 3636">
     <span class='ocr_line' id='line_1_30' title="bbox 79 3602 981 3636; baseline -0.002 2"><span class='ocrx_word' id='word_1_207' title='bbox 79 3611 276 3617; x_wconf 70' lang='grc'><em>·“““”··“““-“</em></span> <span class='ocrx_word' id='word_1_208' title='bbox 970 3602 981 3636; x_wconf 66' lang='lat' dir='ltr'>t</span> 
     </span>
    </p>
   </div>
   <div class='ocr_carea' id='block_1_7' title="bbox 71 3664 1238 4448">
    <p class='ocr_par' dir='ltr' id='par_1_7' title="bbox 76 3664 1238 3839">
     <span class='ocr_line' id='line_1_31' title="bbox 161 3664 1238 3753; baseline -0.002 -15"><span class='ocrx_word' id='word_1_209' title='bbox 161 3685 181 3751; x_wconf 77' lang='lat'>1)</span> <span class='ocrx_word' id='word_1_210' title='bbox 205 3683 326 3752; x_wconf 73' lang='lat' dir='ltr'>socru,</span> <span class='ocrx_word' id='word_1_211' title='bbox 354 3683 472 3753; x_wconf 72' lang='lat' dir='ltr'>Alipem.</span> <span class='ocrx_word' id='word_1_212' title='bbox 499 3681 596 3738; x_wconf 70' lang='lat' dir='ltr'>aesca.</span> <span class='ocrx_word' id='word_1_213' title='bbox 620 3683 645 3737; x_wconf 83' lang='lat' dir='ltr'>a.</span> <span class='ocrx_word' id='word_1_214' title='bbox 669 3682 801 3737; x_wconf 73' lang='lat' dir='ltr'>arcera.</span> <span class='ocrx_word' id='word_1_215' title='bbox 828 3683 876 3737; x_wconf 72' lang='lat' dir='ltr'>aa</span> <span class='ocrx_word' id='word_1_216' title='bbox 899 3664 1043 3737; x_wconf 71' lang='lat' dir='ltr'>ninivae.</span> <span class='ocrx_word' id='word_1_217' title='bbox 1067 3682 1106 3736; x_wconf 77' lang='lat' dir='ltr'>rm</span> <span class='ocrx_word' id='word_1_218' title='bbox 1130 3682 1238 3736; x_wconf 70' lang='lat' dir='ltr'>aeaea-</span> 
     </span>
     <span class='ocr_line' id='line_1_32' title="bbox 76 3770 327 3839; baseline 0 -15"><span class='ocrx_word' id='word_1_219' title='bbox 76 3771 157 3825; x_wconf 88' lang='lat' dir='ltr'>landc</span> <span class='ocrx_word' id='word_1_220' title='bbox 175 3770 199 3835; x_wconf 87' lang='lat' dir='ltr'>I,</span> <span class='ocrx_word' id='word_1_221' title='bbox 219 3773 271 3825; x_wconf 88' lang='lat'>109</span> <span class='ocrx_word' id='word_1_222' title='bbox 288 3787 327 3839; x_wconf 79' lang='lat' dir='ltr'>sq.</span> 
     </span>
    </p>

    <p class='ocr_par' dir='ltr' id='par_1_8' title="bbox 75 3856 1237 4014">
     <span class='ocr_line' id='line_1_33' title="bbox 158 3856 1237 3926; baseline -0.001 -15"><span class='ocrx_word' id='word_1_223' title='bbox 158 3859 179 3926; x_wconf 69' lang='grc'>2)</span> <span class='ocrx_word' id='word_1_224' title='bbox 198 3856 376 3911; x_wconf 85' lang='lat' dir='ltr'>Erhardus</span> <span class='ocrx_word' id='word_1_225' title='bbox 394 3856 545 3925; x_wconf 80' lang='lat' dir='ltr'>Reusch,</span> <span class='ocrx_word' id='word_1_226' title='bbox 567 3856 623 3911; x_wconf 79' lang='lat' dir='ltr'>Gai</span> <span class='ocrx_word' id='word_1_227' title='bbox 640 3857 712 3912; x_wconf 78' lang='lat' dir='ltr'>Vetti</span> <span class='ocrx_word' id='word_1_228' title='bbox 725 3856 856 3926; x_wconf 81' lang='lat' dir='ltr'>Apnilim&#39;</span> <span class='ocrx_word' id='word_1_229' title='bbox 868 3856 984 3910; x_wconf 87' lang='lat' dir='ltr'>Inccnci</span> <span class='ocrx_word' id='word_1_230' title='bbox 1002 3857 1137 3911; x_wconf 81' lang='lat' dir='ltr'>historiae</span> <span class='ocrx_word' id='word_1_231' title='bbox 1156 3873 1237 3910; x_wconf 85' lang='lat' dir='ltr'>enan-</span> 
     </span>
     <span class='ocr_line' id='line_1_34' title="bbox 75 3939 847 4014; baseline 0 -16"><span class='ocrx_word' id='word_1_232' title='bbox 75 3943 178 4014; x_wconf 75' lang='lat' dir='ltr'>9elicae</span> <span class='ocrx_word' id='word_1_233' title='bbox 197 3943 263 3998; x_wconf 83' lang='lat' dir='ltr'>libri</span> <span class='ocrx_word' id='word_1_234' title='bbox 282 3943 361 4009; x_wconf 91' lang='grc' dir='ltr'><em>ΙΠΙ,</em></span> <span class='ocrx_word' id='word_1_235' title='bbox 381 3939 571 4014; x_wconf 74' lang='lat' dir='ltr'>Francofnrte&#39;</span> <span class='ocrx_word' id='word_1_236' title='bbox 589 3940 752 4012; x_wconf 82' lang='lat' dir='ltr'>et&#39;Lipse&#39;ae</span> <span class='ocrx_word' id='word_1_237' title='bbox 771 3948 847 3998; x_wconf 84' lang='grc'><em>1710.</em></span> 
     </span>
    </p>

    <p class='ocr_par' dir='ltr' id='par_1_9' title="bbox 158 4030 848 4100">
     <span class='ocr_line' id='line_1_35' title="bbox 158 4030 848 4100; baseline 0 -15"><span class='ocrx_word' id='word_1_238' title='bbox 158 4033 180 4098; x_wconf 76' lang='lat'>⁸)</span> <span class='ocrx_word' id='word_1_239' title='bbox 199 4031 374 4085; x_wconf 86' lang='lat' dir='ltr'>Arevalus</span> <span class='ocrx_word' id='word_1_240' title='bbox 390 4031 410 4086; x_wconf 85' lang='lat' dir='ltr'>l.</span> <span class='ocrx_word' id='word_1_241' title='bbox 429 4049 450 4086; x_wconf 91' lang='lat' dir='ltr'>o.</span> <span class='ocrx_word' id='word_1_242' title='bbox 469 4031 501 4084; x_wconf 88' lang='lat' dir='ltr'>in</span> <span class='ocrx_word' id='word_1_243' title='bbox 513 4030 622 4100; x_wconf 73' lang='lat' dir='ltr'>proleg.</span> <span class='ocrx_word' id='word_1_244' title='bbox 635 4048 666 4100; x_wconf 84' lang='lat' dir='ltr'>p.</span> <span class='ocrx_word' id='word_1_245' title='bbox 685 4034 719 4086; x_wconf 78' lang='lat'>41</span> <span class='ocrx_word' id='word_1_246' title='bbox 737 4034 765 4085; x_wconf 91' lang='lat' dir='ltr'>et</span> <span class='ocrx_word' id='word_1_247' title='bbox 783 4049 807 4100; x_wconf 81' lang='lat' dir='ltr'>q.</span> <span class='ocrx_word' id='word_1_248' title='bbox 827 4048 848 4085; x_wconf 89' lang='lat' dir='ltr'>s.</span> 
     </span>
    </p>

    <p class='ocr_par' dir='ltr' id='par_1_10' title="bbox 71 4117 1238 4275">
     <span class='ocr_line' id='line_1_36' title="bbox 158 4117 1238 4187; baseline -0.001 -15"><span class='ocrx_word' id='word_1_249' title='bbox 158 4119 179 4186; x_wconf 76' lang='grc'>4)</span> <span class='ocrx_word' id='word_1_250' title='bbox 201 4118 283 4187; x_wconf 84' lang='lat' dir='ltr'>Oorp.</span> <span class='ocrx_word' id='word_1_251' title='bbox 307 4117 435 4187; x_wconf 76' lang='lat' dir='ltr'>scriptor.</span> <span class='ocrx_word' id='word_1_252' title='bbox 459 4117 669 4172; x_wconf 82' lang='lat' dir='ltr'>ecclesiasticam</span> <span class='ocrx_word' id='word_1_253' title='bbox 697 4118 811 4173; x_wconf 80' lang='lat' dir='ltr'>latinam</span> <span class='ocrx_word' id='word_1_254' title='bbox 839 4117 1047 4173; x_wconf 86' lang='lat' dir='ltr'>Vindobonense</span> <span class='ocrx_word' id='word_1_255' title='bbox 1073 4117 1184 4173; x_wconf 86' lang='lat' dir='ltr'>XXIV</span> <span class='ocrx_word' id='word_1_256' title='bbox 1207 4117 1238 4172; x_wconf 85' lang='lat' dir='ltr'>in</span> 
     </span>
     <span class='ocr_line' id='line_1_37' title="bbox 71 4205 343 4275; baseline 0.007 -17"><span class='ocrx_word' id='word_1_257' title='bbox 71 4205 284 4275; x_wconf 72' lang='lat' dir='ltr'>prolegomenis.</span> <span class='ocrx_word' id='word_1_258' title='bbox 341 4215 343 4218; x_wconf 81' lang='grc'>’</span> 
     </span>
    </p>

    <p class='ocr_par' dir='ltr' id='par_1_11' title="bbox 75 4290 1238 4448">
     <span class='ocr_line' id='line_1_38' title="bbox 159 4290 1237 4360; baseline 0.001 -15"><span class='ocrx_word' id='word_1_259' title='bbox 159 4293 182 4360; x_wconf 79' lang='lat'>¹⁵)</span> <span class='ocrx_word' id='word_1_260' title='bbox 199 4292 260 4346; x_wconf 90' lang='lat' dir='ltr'>Des</span> <span class='ocrx_word' id='word_1_261' title='bbox 284 4291 513 4346; x_wconf 80' lang='lat' dir='ltr'>Mr&#39;a&#39;nateriseben</span> <span class='ocrx_word' id='word_1_262' title='bbox 536 4291 729 4346; x_wconf 79' lang='lat' dir='ltr'>Humanistcn</span> <span class='ocrx_word' id='word_1_263' title='bbox 751 4293 770 4348; x_wconf 85' lang='lat' dir='ltr'>J</span> <span class='ocrx_word' id='word_1_264' title='bbox 776 4290 928 4347; x_wconf 87' lang='lat' dir='ltr'>ohannes</span> <span class='ocrx_word' id='word_1_265' title='bbox 952 4291 1162 4346; x_wconf 88' lang='lat' dir='ltr'>Murmellius</span> <span class='ocrx_word' id='word_1_266' title='bbox 1185 4293 1237 4346; x_wconf 88' lang='lat' dir='ltr'>ela·</span> 
     </span>
     <span class='ocr_line' id='line_1_39' title="bbox 75 4377 1238 4448; baseline 0 -16"><span class='ocrx_word' id='word_1_267' title='bbox 75 4379 186 4448; x_wconf 78' lang='lat' dir='ltr'>piarem</span> <span class='ocrx_word' id='word_1_268' title='bbox 208 4378 358 4433; x_wconf 80' lang='lat' dir='ltr'>moralium</span> <span class='ocrx_word' id='word_1_269' title='bbox 381 4378 449 4433; x_wconf 84' lang='lat' dir='ltr'>libri</span> <span class='ocrx_word' id='word_1_270' title='bbox 473 4381 612 4446; x_wconf 74' lang='lat' dir='ltr'>qnadaor,</span> <span class='ocrx_word' id='word_1_271' title='bbox 635 4377 787 4434; x_wconf 85' lang='lat' dir='ltr'>Nendrnelr</span> <span class='ocrx_word' id='word_1_272' title='bbox 810 4379 865 4434; x_wconf 92' lang='lat' dir='ltr'>Dr.</span> <span class='ocrx_word' id='word_1_273' title='bbox 889 4379 923 4434; x_wconf 81' lang='lat' dir='ltr'>A.</span> <span class='ocrx_word' id='word_1_274' title='bbox 947 4379 1088 4444; x_wconf 69' lang='lat' dir='ltr'>Bormam·</span> <span class='ocrx_word' id='word_1_275' title='bbox 1104 4378 1238 4434; x_wconf 68' lang='lat' dir='ltr'>MiinsIer</span> 
     </span>
    </p>
   </div>
   <div class='ocr_carea' id='block_1_8' title="bbox 77 4469 149 4523">
    <p class='ocr_par' dir='ltr' id='par_1_12' title="bbox 77 4469 149 4523">
     <span class='ocr_line' id='line_1_40' title="bbox 77 4469 149 4523; baseline -0.014 0"><span class='ocrx_word' id='word_1_276' title='bbox 77 4469 149 4523; x_wconf 76' lang='lat'>1893.</span> 
     </span>
    </p>
   </div>
   <div class='ocr_carea' id='block_1_9' title="bbox 0 0 1537 5206">
    <p class='ocr_par' dir='ltr' id='par_1_13' title="bbox 0 0 1537 5206">
     <span class='ocr_line' id='line_1_41' title="bbox 0 0 1537 5206; baseline 0 0"><span class='ocrx_word' id='word_1_277' title='bbox 0 0 1537 5206; x_wconf 95' lang='lat' dir='ltr'> </span> 
     </span>
    </p>
   </div>
  </div>
 </body>
</html>
