3046 5206
572 1492 699 1582 Caput
722 1492 751 1562 I.

160 1647 353 1730 Priusquam
375 1645 587 1734 disputemus,
612 1645 772 1732 quomodo
794 1647 956 1714 Iuvencus
979 1649 1151 1732 evangelia
1173 1669 1243 1715 ver·

71 1751 165 1816 sibus
192 1750 391 1817 hexametris
425 1751 622 1838 expresserit
653 1758 685 1817 et
720 1751 881 1835 quomodo
906 1753 1049 1836 Vergilio
1082 1772 1159 1819 usus
1192 1755 1244 1840 sit,

68 1854 168 1920 nobis
201 1861 276 1920 sunt
309 1854 501 1938 traetandae
533 1856 596 1922 hae
630 1858 837 1939 quaestiones
870 1857 1098 1942 gravissimae,
1137 1863 1244 1923 utrum

67 1963 173 2043 poeta
200 1963 329 2024 secutus
357 1961 411 2025 sit¹
425 1965 549 2025 textum
577 1954 679 2027 solum
711 1979 863 2044 graecum
898 1980 941 2026 an
973 1961 1107 2026 latinum
1141 1960 1244 2027 solum

66 2067 199 2127 textum
210 2063 389 2148 inspexerit
405 2081 447 2127 an
464 2067 653 2146 utrumque.¹
676 2063 727 2128 Ex
738 2063 967 2148 Hieronymi
983 2063 1114 2147 quidem
1125 2064 1243 2149 verbis,

67 2166 129 2248 qui
155 2165 188 2230 in
213 2165 296 2230 libro
325 2163 385 2231 «de
411 2167 488 2232 viris
513 2166 711 2233 illustribus»
740 2166 911 2232 LXXXIV
931 2165 1026 2232 dixit:
1059 2166 1245 2234 «Iovarus
1271 2205 1276 2222 ·

68 2319 77 2334 .
94 2321 101 2334 .
118 2272 318 2352 ..quattuor
327 2270 500 2356 evonqelt‘a
512 2269 712 2338 hexametris
724 2270 872 2338 versibus
886 2275 1009 2354 paene
1020 2271 1071 2337 od
1083 2270 1244 2338 verbam

68 2374 329 2458 transferens
350 2377 508 2457 quattuor
532 2375 631 2442 libros
652 2374 865 2459 composuit&
884 2373 1032 2440 eoneludi
1053 2386 1150 2460 posse
1166 2375 1244 2442 mihi
1297 2430 1300 2438 .

65 2475 202 2542 videtur
234 2477 410 2543 Inventum
443 2480 667 2564 evangelicum
706 2498 837 2545 earmen
871 2498 963 2545 suum
997 2498 1015 2543 e
1049 2478 1118 2544 solo
1152 2484 1243 2544 textu

68 2600 194 2664 graeco
228 2582 457 2667 composuisse.
512 2583 595 2650 Nam
637 2583 881 2668 «barsfertur»
923 2579 1045 2665 aliquid
1080 2601 1098 2647 e
1132 2582 1244 2665 lingua

70 2685 182 2750 aliena
204 2686 238 2748 in
260 2704 450 2772 sermonem,
474 2687 528 2769 qni
550 2693 646 2753 notus
668 2692 719 2752 est
740 2686 843 2753 nobis.
881 2685 1024 2750 Reetene
1047 2685 1147 2768 igitur
1165 2683 1244 2750 dioit

69 2789 124 2852 vir
144 2786 199 2852 ille
223 2786 450 2855 doctissimus?
494 2790 595 2856 Estne
622 2791 754 2856 Invenoi
781 2808 910 2855 earmen
939 2788 1110 2853 translatio
1137 2807 1243 2872 paene

69 2889 279 2956 adverbum
309 2889 480 2959 eonleota?
533 2893 640 2976 Magis
674 2892 824 2976 equidem
857 2891 1038 2977 putaverim
1067 2891 1242 2957 luvenoum

69 2994 253 3066 orationem
284 3000 393 3060 textus
424 2995 517 3061 latini
551 2996 688 3062 solutam
721 2997 769 3061 ita
801 2993 1023 3078 transtulisse,
1062 2999 1097 3058 ut
1129 3013 1243 3060 versus

69 3096 254 3163 hexametri
270 3096 393 3164 fierent.
419 3097 576 3165 Phrasem
594 3118 741 3184 <paene
756 3097 977 3167 adverbum
993 3099 1240 3184 transferre»

69 3199 153 3266 nihil
182 3199 270 3267 aliud
298 3220 371 3268 esse
398 3208 475 3287 puto
502 3203 565 3269 nisi
592 3205 773 3268 versionem
795 3199 943 3268 voeabuli
967 3202 1077 3284 graeei
1102 3224 1241 3286 «παρα-

71 3305 249 3388 φράζειν»
275 3306 358 3371 sieut
380 3325 492 3372 vooem
518 3305 777 3389 «sommare»,
806 3324 901 3388 qnam
924 3304 1141 3389 Hieronymus
1169 3305 1242 3372 aliis

4 3397 7 3402 ’
71 3407 200 3474 duobus
214 3408 295 3475 loeis
310 3407 461 3494 adhibet,'
478 3409 594 3493 quibus
609 3409 954 3475 Iuvenei‘mentionem
970 3408 1059 3474 faeit.
1097 3409 1242 3491 Utroque

3 3545 5 3548 ·
70 3510 145 3576 loeo
178 3510 257 3576 dieit
291 3517 403 3577 auotor
440 3511 645 3578 doctissimus
681 3509 884 3578 «lavatorem
917 3560 925 3577 .
953 3560 961 3575 .
992 3563 998 3576 .
1028 3561 1035 3575 .
1069 3510 1243 3578 historiam

9 3657 10 3664 κ
71 3611 199 3680 domiui
224 3613 401 3681 salvatoris
429 3614 577 3682 vasibus
604 3612 883 3700 emptitasset.
928 3616 1105 3681 Praeterea
1134 3615 1243 3681 obstat

70 3736 127 3782 res
153 3717 226 3803 ipsa
254 3719 309 3803 iis,
328 3718 398 3801 vqui
424 3719 556 3785 luvenei
586 3738 717 3785 carmen
743 3723 859 3804 putant
886 3738 959 3784 esse
987 3718 1241 3787 translationem.

70 3819 157 3888 Nam
173 3821 364 3904 quicumque
379 3820 440 3887 hoo
457 3823 589 3889 Iuvenoi
604 3841 735 3888 carmen
750 3821 876 3905 legerit,
899 3840 1089 3906 persuasum
1107 3821 1242 3887 habebit

70 3921 153 3988 illud
174 3924 306 3989 minime
337 3923 400 3990 diei
427 3945 524 4011 posse
551 3927 796 3993 translationem
824 3944 944 3991 veram.
989 3925 1061 3990 Etsi
1083 3924 1242 3991 Iuvencus

13 4109 18 4120 ⁸
71 4027 243 4094 materiam
266 4026 420 4094 traditam
443 4049 508 4095 nou
530 4034 644 4114 mutat,
667 4030 729 4094 etsi
748 4047 987 4111 nonnumquam
1003 4028 1131 4111 singula
1145 4047 1240 4094 voea-

71 4129 151 4196 bula
178 4128 229 4195 vel
256 4132 397 4198 maiores
423 4133 475 4198 vel
502 4134 642 4198 minores
670 4133 849 4198 sententias
877 4131 1049 4197 bibliorum
1077 4150 1241 4197 saororum

158 4368 180 4437 1)
199 4382 243 4435 ep.
261 4367 340 4424 LXX
360 4373 407 4434 §5
425 4368 870 4438 v01.1p.430ed.va11arsii.
888 4399 922 4409 —
942 4367 1114 4438 Schoene,
1133 4328 1240 4426 Eusebi

71 4454 266 4509 chronieorum
284 4456 351 4511 libri
369 4457 432 4522 duo,
451 4457 512 4514 vol.
529 4457 555 4512 Il
573 4473 600 4526 p.
621 4461 669 4516 192
688 4455 736 4525 (ad
755 4456 797 4512 Ol.
815 4455 1031 4523 CCLXXVIII).

1022 4547 1035 4599 1
