3046 5206
114 1391 152 1487 qui
113 1115 143 1382 viderant
110 811 151 1101 quomodo
119 624 142 798 sanus

303 1277 305 1286 ⁴
297 942 325 1243 multitudo
298 622 333 872 regionis

161 1331 187 1486 esset
159 1080 195 1297 fact-‚1153

256 1393 283 1487 37:
256 1272 281 1330 et
257 862 289 1215 rogaverunt
255 623 282 810 Iesum

297 1305 324 1486 omnis

68 1393 98 1485 36:
63 937 96 1355 Nuntiaverunt
59 767 92 912 enim
60 621 92 730 illis

254 1853 288 2138 rogabant
256 1765 280 1828 ut
256 1558 280 1743 trans-

303 2242 322 2277 a
295 2074 323 2208 finib
304 2001 323 2068 us
304 1755 323 1965 eorum-

255 2320 281 2420 34:
273 2166 280 2285 -..-

295 2313 322 2422 iret

205 2977 210 2985 “
201 2849 227 2953 Mc-
200 2685 230 2827 V15

116 2834 142 3014 deest.

268 2489 273 2509 Ι

252 2490 322 2611 se

260 2603 322 2676 εἴη

253 2677 323 2748 ...³13

252 2737 323 2807 20³3

260 2802 330 2927 {a

295 2916 322 2955 Ξ

254 2960 278 2985 μ

260 2988 278 3060 ξ
303 2993 321 3046 Ξ

252 3050 322 3136 ed

252 3140 279 3215 ὃ

254 3261 281 3353 ἐ

79 3669 105 3779 illis
79 3568 104 3624 hi
79 3431 112 3524 qui

121 4028 145 4296 viderant
119 3715 151 3956 qualiter
119 3431 144 3645 factum

167 3907 193 3942 q
159 3847 186 3900 ui
158 3430 190 3788 daemonium

201 4015 228 4296 habuerat
203 3919 228 3979 et
201 3814 229 3885 de
201 3569 235 3780 porcis-

253 4220 280 4295 Et

304 4260 322 4296 u

160 4015 186 4068 ei

260 3961 287 4168 rogare
261 3787 280 3913 eum
261 3598 286 3739 coep
254 3427 279 3592 erunt

81 3823 107 4202 narraverunt

162 4140 187 4293 esset

297 4231 322 4256 t
294 3840 322 4162 discederet
295 3701 322 3772 de
294 3431 321 3636 finibus

346 4081 365 4294 eorum-

84 4237 108 4295 et

85 4409 109 4439 6

254 4407 280 4470 17

381 1029 410 1231 timore
383 855 410 1002 enim
391 624 418 831 magno

339 1067 367 1486 Gerasenorum
342 978 367 1040 ut
340 622 368 941 discederet

381 1414 408 1486 ab
382 1294 409 1376 eis
391 1267 417 1282 ς

424 1033 452 1486 continebantur-

637 451 676 516 21

579 626 753 689 Inveneum
768 624 829 690 hoc
843 625 1130 693 looo'Matthaeum
1148 646 1244 692 evan-

536 726 688 809 gelistam
709 748 774 793 non
797 732 889 812 sequi
906 749 946 796 ex
963 749 1144 812 eoquoque
1160 729 1244 795 effici

536 835 624 916 puto,
658 830 745 912 quod
772 831 956 900 Matthaeus
985 823 1077 899 «duo
1099 832 1246 899 homiues

538 933 711 1001 daemonic
726 934 900 1002 habentes»
919 943 1157 1020 commemorat,
1173 957 1244 1003 cum

535 1039 663 1105 Marcus
687 1043 719 1102 et
738 1040 844 1105 Lucas
859 1059 968 1105 unum
985 1048 1244 1106 commemorent.

536 1141 602 1208 Sed
624 1143 797 1208 Inventum
820 1143 873 1209 hie
896 1145 994 1210 etiam
1018 1145 1125 1210 Lucae
1149 1164 1245 1210 evan·

534 1246 654 1328 gelium
676 1265 740 1310 non
763 1248 853 1329 sequi
875 1253 953 1332 puto
970 1253 1144 1333 propterea
1159 1246 1245 1330 quod

534 1367 683 1415 versuum
700 1347 788 1435 ordo,
805 1369 899 1432 quem
911 1351 965 1416 ille
978 1349 1135 1436 adhibuit,
1148 1349 1245 1417 valde

495 1543 496 1548 ἵ
534 1451 575 1517 ab
603 1454 745 1518 ‘Iuvenco
775 1458 1007 1521 transmutatus
1041 1461 1138 1541 esset,
1172 1475 1269 1529 oum¹

533 1555 635 1621 Marci
675 1558 870 1623 narrationis
907 1557 986 1624 ordo
1026 1577 1131 1643 paene
1170 1579 1243 1624 oon-

533 1665 628 1744 gruat
647 1659 719 1725 oum
739 1662 890 1727 Iuvenoo.
923 1661 1052 1728 Deinde
1070 1664 1244 1728 Iuvenoum

532 1762 593 1828 hoc
616 1764 695 1830 loco
709 1783 774 1828 non
796 1766 842 1829 uti
864 1766 959 1830 ‘Luca
987 1786 1027 1831 ex
1057 1785 1095 1832 eo
1118 1786 1244 1850 quoque

534 1866 706 1952 concludo,
739 1865 824 1950 quod
858 1887 922 1934 non
954 1868 1054 1935 habet
1086 1871 1245 1936 rationem

534 1986 643 2036 eorum
677 1973 794 2054 quibus
824 1974 931 2038 Lucas
970 1972 1134 2058 discrepat
1173 1995 1244 2040 cum

533 2075 643 2140 Marco
677 2074 730 2140 vel
763 2095 847 2158 quae
880 2077 987 2142 Lucas
1020 2077 1114 2161 plura
1146 2077 1245 2144 habet

534 2197 631 2260 quarn
646 2178 785 2244 Marcus,
822 2178 929 2244 Veluti
945 2181 1054 2245 Lucae
1075 2200 1189 2248 versus
1204 2182 1241 2247 31

537 2285 719 2348 «oereeruat
734 2282 906 2348 daemonia
921 2283 1073 2350 multaret
1082 2283 1247 2370 repedant

533 2385 632 2452 illum
661 2405 710 2451 aa
743 2385 962 2470 imperaret
992 2387 1084 2460 illis
1121 2393 1164 2454 at
1201 2389 1246 2456 iro

534 2488 718 2573 abyssum
739 2489 874 2555 irent»
901 2489 1066 2575 discrepat
1088 2513 1159 2557 oum
1182 2493 1244 2559 Mc.

533 2615 562 2659 v.
572 2593 611 2658 10
630 2618 671 2658 ‹<..
681 2642 704 2656 ..
717 2597 748 2658 et
758 2592 995 2676 deprecabatur
1007 2616 1079 2660 eam
1091 2596 1242 2679 maltam,

532 2715 580 2761 oc
620 2715 667 2761 oe>
696 2696 918 2780 expelleret
958 2701 1078 2764 extra
1116 2698 1244 2783 ropio-

530 2819 652 2882 aem»,
669 2800 873 2882 quibuscum
891 2803 1093 2867 consentiunt
1111 2804 1242 2869 quenci

532 2903 632 2969 verba
645 2901 757 2988 56t57:
778 2902 950 2985 «Oramus,
964 2917 1091 2970 aeuus
1102 2905 1245 2972 solitae

533 3006 709 3092 rapieris
733 3005 777 3072 ad
804 3005 884 3072 oris
906 3007 1102 3074 Excutior
1128 3059 1134 3073 .
1157 3058 1164 3074 .
1186 3061 1191 3072 .
1215 3037 1241 3076 .»

532 3110 619 3178 Nihil
648 3117 756 3176 autem
785 3110 825 3175 de
853 3131 891 3177 eo
920 3110 1038 3194 legitur
1060 3111 1147 3196 apud
1170 3114 1243 3198 Me,

533 3213 618 3297 quod
642 3215 747 3279 Lucas
770 3216 803 3278 in
830 3235 858 3277 v.
883 3213 923 3280 27
948 3213 1025 3280 dicit
1050 3241 1077 3279 «.
1098 3265 1105 3280 .
1128 3265 1135 3281 .
1158 3267 1163 3278 .
1186 3215 1245 3299 qui

532 3316 673 3384 habebat
687 3316 893 3383 daemonium
908 3316 987 3382 iuro
1006 3318 1245 3402 temporibus

531 3421 673 3488 maltis
700 3425 736 3486 et
762 3421 1043 3488 vestimentum
1069 3443 1147 3489 acu
1181 3423 1243 3490 irr-

533 3523 733 3592 droebatar
754 3574 761 3590 .
779 3575 785 3588 .
804 3575 811 3588 .
829 3551 855 3588 .»
880 3537 884 3579 ῖ
906 3526 1016 3610 Magni
1039 3533 1146 3591 autem
1175 3549 1240 3592 nro-

532 3629 631 3693 menti
647 3634 696 3694 est
711 3627 810 3712 Maro.
826 3649 854 3692 v.
873 3628 891 3692 5
909 3653 935 3691 <‹.
953 3679 960 3694 .
978 3678 985 3693 .
1003 3676 1010 3692 .
1033 3629 1245 3696 concideres

532 3752 573 3797 oc
595 3729 821 3815 lapididus»
848 3761 887 3786 =
912 3733 977 3798 luv.
1001 3733 1094 3798 „52
1120 3734 1244 3800 «ludas

532 3840 606 3902 erat
650 3833 842 3918 saxisque
887 3836 997 3921 fatum
1038 3836 1244 3903 concidere

528 3943 673 4023 pectas»,
698 3938 738 4003 de
762 3939 877 4021 quibus
899 3938 978 4003 nihil
1001 3939 1117 4023 legitur
1138 3960 1243 4024 neque

534 4042 621 4128 apud
647 4044 770 4108 Lucam
795 4062 899 4126 neque
922 4043 1011 4128 apud
1033 4044 1241 4110 Matthaenm.

534 4145 627 4225 Quod
650 4149 808 4212 Iuvencus
830 4145 891 4212 hoe
915 4146 986 4213 ioco
1009 4147 1110 4213 Marci
1133 4168 1242 4212 narra-

534 4253 654 4316 tionem
670 4251 840 4335 praeponit
851 4250 1027 4336 Matthaeo‚
1043 4251 1243 4317 Marcianam

536 4355 669 4420 carmini
712 4355 803 4438 epico
840 4355 944 4437 magis
981 4375 1054 4420 esse
1092 4355 1244 4422 idoneam
