3046 5206
852 441 891 505 16

284 633 302 678 c
324 613 452 678 Marco
468 613 483 676 Ι
499 611 565 696 5,6
588 611 708 695 petitus
731 629 804 676 esre
827 610 904 676 mihi
926 610 1064 696 videtur,
1087 610 1175 698 apud
1197 631 1292 695 quem
1312 612 1460 695 legimus

286 716 357 781 «Et
383 714 606 782 seuiebatad
630 714 729 781 illum
756 713 861 780 ommis
884 713 1031 781 Iudaeae
1058 715 1147 800 reaia
1173 720 1206 782 et
1230 735 1339 782 ommes
1362 715 1458 784 Iera

283 819 454 904 solymitae
489 823 522 884 et
558 817 822 902 baptizabantur<
848 817 890 884 ab
922 817 981 884 illo
1011 818 1051 885 iu
1084 817 1229 886 Iudaeae
1261 818 1460 901 coufitentes

278 927 414 1006 peccata
446 943 510 989 saa
543 924 606 1006 (5).
656 921 747 988 Itrat
774 925 884 988 autem
909 920 1079 989 Iobaames
1105 921 1174 1006 ipse
1199 922 1339 990 indutus
1363 924 1459 1007 pilis
1504 929 1505 966 ³

284 1027 400 1092 cameli
434 1030 465 1092 et
494 1045 579 1092 soma
607 1025 747 1109 pellicea
779 1024 868 1092 eirca
897 1025 1020 1092 lambos
1046 1025 1126 1108 eius,
1164 1027 1303 1094 uanus
1330 1031 1371 1093 et'
1388 1029 1459 1094 mel

283 1130 430 1195 silvestre
463 1128 611 1212 edebat»,
645 1150 718 1195 cum
751 1127 838 1214 apud
868 1129 961 1194 Mtth.
990 1150 1104 1197 versus
1136 1131 1183 1196 ita
1215 1151 1251 1198 se
1285 1132 1458 1216 excipiant
1504 1149 1505 1208 3

283 1235 332 1300 ΙΙΙ
355 1234 375 1297 4
397 1241 425 1291 '‹<
437 1232 513 1316 Ipse
546 1237 655 1298 autem
685 1232 856 1299 Iobaaues
871 1232 1026 1301 ‘babebat
1051 1234 1280 1301 uestimentum
1306 1233 1344 1300 de
1367 1235 1458 1318 pilis
1504 1233 1505 1250 ³

283 1337 489 1418 camelorum,
514 1340 546 1402 et
565 1357 684 1404 seuam
700 1336 870 1420 pelliciam
892 1336 981 1403 circa
1002 1337 1125 1404 lumbos
1138 1357 1231 1420 suaa·
1253 1357 1325 1404 esca
1340 1343 1458 1404 autem
1504 1331 1505 1376 l

282 1441 354 1506 eius
387 1443 476 1506 erat·
494 1441 641 1506 lucustae
673 1444 705 1506 et
738 1441 801 1507 mel
827 1439 974 1507 silvestre
1004 1441 1068 1525 (4).
1126 1441 1224 1508 ‘Itmo
1249 1441 1381 1508 euiebat
1410 1442 1458 1508 ad
1504 1509 1505 1520 ,

283 1566 357 1611 eum
390 1543 621 1628 Hierosolyma
657 1547 688 1609 et
724 1543 831 1610 amuis
862 1543 1008 1612 Iudaea*
1029 1549 1061 1610 et
1090 1544 1200 1612 'ommis
1236 1544 1324 1628 reaia
1360 1544 1457 1612 circa
1504 1527 1505 1614 l

283 1647 461 1714 Iordanem
481 1649 558 1730 (5);,
579 1651 610 1712 et
631 1646 890 1731 bapdeabumtur
912 1648 952 1714 iu
973 1647 1120 1716 Iudaue
1142 1649 1182 1715 ab
1205 1669 1240 1715 ec
1261 1647 1457 1730 coufitentes
1504 1673 1505 1752 ἦ

278 1755 414 1835 peccata
434 1771 497 1817 sua
518 1751 618 1835 (6).».
644 1752 821 1819 ¹Matthaei
845 1772 922 1836 ergo
944 1772 1057 1819 versus
1080 1752 1101 1816 4
1122 1751 1298 1837 respondet
1316 1753 1456 1818 luvenci
1504 1759 1505 1832 j

282 1856 438 1921 versibus·
452 1854 634 1939 sus-325,
656 1855 814 1923 Matthaei
836 1876 950 1924 versus
971 1858 1074 1924 seco
1096 1855 1294 1942 respondent
1307 1857 1456 1923 Iuvenca
1504 1919 1505 1932 ,

283 1958 342 2023 321
362 1965 395 2025 et
410 1956 483 2024 322
529 1959 564 2024 Si
587 1965 695 2024 autem
719 1962 912 2046 quaerimus,
936 1981 992 2028 our
1006 1962 1165 2034 Iuvencus
1179 1960 1281 2026 Marci
1303 1958 1456 2026 ordinem

283 2069 412 2130 secutas
440 2064 491 2148 sit,
519 2065 742 2146 cognoscimus
770 2084 842 2130 eum
863 2064 899 2130 id
921 2064 1039 2132 fecisse
1062 2083 1101 2131 eo
1124 2063 1263 2130 acusiho'
1279 2069 1315 2130 ut
1335 2083 1456 2130 versus

283 2167 450 2251 elegantes
473 2169 633 2233 coniuncti
657 2169 720 2234 sint
743 2187 815 2235 cum
839 2167 1115 2236 antecedentibus.
1247 2229 1249 2234 ,

368 2270 477 2336 Verba
499 2291 583 2354 quae
605 2271 678 2336 libri
701 2273 758 2336 ΙΙΙ.
782 2274 909 2338 initium
932 2272 1070 2340 faciunt:
1096 2270 1269 2338 «Fuderat
1286 2270 1326 2337 ia
1342 2274 1455 2338 terras

282 2395 410 2440 roseum
430 2373 850 2462 iubariquiccmussct.»1)
874 2375 1037 2442 adduntur
1052 2396 1073 2441 a
1087 2381 1192 2462 poeta.
1229 2375 1454 2442 Reuschius

282 2484 513 2544 commemorat
536 2477 685 2543 adhunc
713 2498 843 2545 versum
870 2480 904 2546 in
931 2479 1072 2548 editione
1099 2499 1160 2546 sua
1186 2485 1282 2545 notas
1310 2476 1453 2545 Iodoci

281 2581 398 2647 Badii
420 2582 599 2648 Asceusii
629 2587 661 2647 et
683 2581 844 2667 Georgii
865 2583 1062 2650 Matthiae
1084 2583 1288 2666 Kcenigii,
1314 2601 1452 2665 quorum

220 2755 222 2760 ,
282 2686 364 2751 alter
397 2684 489 2752 dicit:
529 2685 723 2752 «Describit
757 2691 866 2753 artum
898 2687 989 2773 solis,
1011 2686 1124 2773 'quasi
1156 2685 1316 2770 postridie
1348 2705 1453 2769 quam

277 2788 459 2873 parabolas
479 2789 669 2872 audieruut,
686 2789 841 2874 discipuli
857 2791 901 2856 ad
915 2789 1084 2858 domiuum
1099 2789 1294 2857 accesserint
1305 2787 1450 2869 (Reum,

282 2894 377 2960 alter:
415 2892 534 2960 «Nihil
568 2893 633 2961 tale
666 2894 756 2977 apud
786 2893 881 2960 Mau.
911 2893 1017 2960 XIII
1034 2893 1090 2959 :36
1125 2893 1254 2979 leyitru.
1309 2891 1453 2958 Adicit

281 2997 416 3082 icitur
439 2996 652 3064 Iuveacus-
671 2996 739 3064 boc
769 2998 813 3064 de
837 3017 906 3064 suc
932 2996 1149 3083 (Kcertiyh.
1200 2997 1333 3062 Poeta⁴
1354 3015 1452 3080 ergo

280 3103 384 3166 iuter
404 3101 498 3165 libri
520 3101 566 3165 ΙΙ.
582 3100 849 3166 finem'etlll.
866 3103 1025 3168 initium
1041 3101 1338 3186 lingitnocteur.
1374 3100 1451 3166 Vox

282 3209 389 3269 autem
415 3223 554 3270 «serus»
579 3205 612 3269 Il
633 3204 712 3272 829:
729 3203 976 3298 'Iade'domum
997 3205 1248 3290 tepetitserus
1270 3203 1452 3286 turbasque

280 3306 441 3390 reliquit»
458 3309 607 3390 vestigia
630 3307 801 3374 ostendere
824 3293 902 3373 mihi
928 3307 1066 3394 videtur,
1096 3328 1179 3392 qnae
1201 3309 1375 3373 iuvencum
1406 3306 1450 3372 ad

280 3411 369 3476 illam
402 3410 565 3476 fictionem
596 3413 758 3496 poeticam
792 3410 962 3478 duxerunt.
1013 3413 1098 3480 Nam
1131 3431 1203 3477 oum
1237 3409 1323 3495 apud
1337 3409 1448 3475 ··Muh.

280 3515 361 3579 XIII
377 3514 418 3580 36
440 3513 519 3579 nihil
541 3513 630 3580 aliud
652 3514 780 3598 legatur
802 3536 900 3599 quam
922 3516 1004 3582 haec
1029 3515 1150 3582 «Tama
1173 3512 1316 3580 dimissis
1339 3513 1449 3580 turbis

280 3617 372 3683 veuit
403 3617 443 3683 iu
476 3617 613 3699 domum
649 3622 681 3683 et
713 3623 920 3685 accesserunt
946 3618 991 3686 ad
1017 3639 1091 3686 eum
1119 3615 1273 3702 discipuli
1300 3616 1371 3682 eius
1397 3616 1448 3683 di·

280 3726 387 3787 oeates
410 3770 416 3784 .
442 3769 448 3783 .
473 3770 480 3785 .
505 3747 545 3806 .»‚
573 3721 690 3805 legitur
717 3721 805 3807 apud
832 3723 987 3807 Marcum,
1014 3723 1105 3788 auius
1131 3741 1245 3787 versus
1273 3720 1319 3786 IV
1347 3719 1448 3804 33l34

280 3830 460 3908 congruunt
493 3843 564 3889 cum
594 3823 685 3889 Mtth.
716 3825 798 3890 XIII
828 3827 880 3910 34,
913 3828 946 3891 in
979 3843 1075 3892 versu
1101 3825 1159 3892 35:
1195 3823 1267 3890 «ut
1298 3823 1349 3892 ait
1374 3822 1449 3891 illis

281 3927 405 3994 Iesus.
431 3977 438 3991 .
463 3975 470 3990 .
494 3977 503 4008 ‚
527 3949 609 3994 cum
636 3948 724 3994 sero
751 3933 856 3994 esset
881 3930 1032 4014 factum
1061 3928 1184 4011 (ὀψίας
1207 3927 1447 4011 seronitati:

282 4031 507 4098 Transeamus
534 4036 685 4116 contra»,
719 4038 751 4098 et
779 4033 836 4098 36:
870 4032 1086 4098 dimittunt
1118 4030 1260 4099 turbas
1287 4057 1445 4095 ......

280 4136 373 4201 Nunc
395 4141 503 4200 autem
526 4142 638 4200 narrat
660 4135 789 4201 Marcus
812 4142 1039 4220 tempestatem
1066 4135 1234 4200 manuam.
1278 4133 1445 4200 Facillime

281 4245 389 4304 tamen
412 4238 481 4304 fieri
503 4244 621 4323 potest,
644 4245 680 4303 ut
702 4240 862 4305 Iuvencus
884 4239 945 4305 hoc
967 4240 1038 4306 loco
1061 4238 1218 4306 Matthaei
1242 4237 1444 4322 evangelium

367 4463 388 4529 ι)
406 4461 437 4514 ln
456 4459 519 4514 libri
537 4459 616 4515 initio
635 4463 776 4516 Iuvencus
795 4461 922 4530 sequitur
939 4462 1025 4531 Verg.
1044 4460 1071 4514 X
1093 4467 1105 4518 l
1125 4465 1155 4516 et
1173 4460 1215 4516 XI
1233 4465 1257 4518 1.
