3046 5206
865 398 908 465 48

293 567 415 638 ommia
437 567 534 634 acrba
557 569 634 636 lraeo
648 572 688 637 ira
701 571 795 637 corde
808 590 890 636 sero»
915 573 1097 654 transponit
1112 573 1270 639 Iuvencus
1286 578 1475 640 sententias

296 673 424 740 similes
445 675 490 737 ita
513 676 707 759 coniungens
730 675 745 740 I
769 673 956 738 302-306:

298 796 357 860 Lo.
373 794 406 859 II
422 795 458 862 51
485 825 523 849 =
549 795 665 862 «Haec
687 795 738 864 att
759 798 790 859 et
808 813 957 880 pressum
978 793 1082 862 soctat
1097 796 1312 882 patriamque
1336 800 1477 865 reuisit:

298 917 458 982 Lollio
481 945 520 970 =
543 915 609 982 Nec
628 916 781 1000 perutriu
804 915 893 982 iurati
910 916 1075 998 persensit
1090 918 1240 1000 pondera
1261 920 1374 1002 verbi,

528 1037 666 1106 'Ordine
687 1043 807 1105 cauata
831 1042 940 1103 tamem
962 1038 1068 1104 cordis
1089 1045 1211 1105 secreta
1233 1048 1429 1108 reservarat.

296 1139 352 1203 Le.
368 1139 454 1206 1151
474 1169 513 1198 =
540 1143 588 1207 Ar
603 1164 689 1226 puer
710 1140 872 1226 obsequiis
893 1145 967 1224 apte
982 1142 1219 1225 praedulcibus
1241 1144 1357 1210 ambos

540 1245 595 1312 Aa
613 1247 785 1330 proprium
807 1266 930 1328 semper
952 1266 1065 1330 copcus
1087 1246 1236 1313 uocabat
1257 1268 1443 1315 amorem.»

297 1361 375 1426 (ium
399 1366 600 1449 evangelista
622 1368 733 1451 verba,
762 1387 846 1450 quae
874 1369 1002 1451 proprie
1026 1374 1100 1432 sunt
1123 1369 1374 1453 coniungenda:
1405 1371 1476 1435 «Et

295 1465 360 1549 ipsi
381 1487 450 1533 uara
471 1468 720 1553 sperauerant,
745 1470 831 1554 quod
854 1469 980 1536 murus
1002 1474 1050 1536 est
1071 1471 1116 1537 ad
1136 1470 1211 1537 illos
1227 1471 1300 1550 (Lo.
1319 1471 1377 1538 II
1390 1475 1470 1552 50)»

296 1575 328 1635 et
357 1571 429 1636 «Et
454 1578 559 1640 mater
587 1575 658 1641 eius
690 1573 904 1642 conservabat
930 1574 1043 1640 ommia
1068 1574 1167 1640 verda
1197 1574 1275 1641 haec
1302 1576 1345 1642 r'rr
1377 1579 1474 1644 corde

295 1694 353 1740 suo
367 1675 438 1759 (Lo.
454 1676 608 1764 1151)»,
631 1679 760 1744 dirimat
782 1678 891 1746 verbis
914 1680 1091 1744 interiectis
1112 1678 1184 1744 «Ei
1198 1679 1371 1746 desaauda't
1389 1735 1395 1745 .
1416 1733 1423 1746 .
1442 1733 1448 1745 .
1467 1734 1472 1746 .

295 1783 368 1844 erat
388 1780 539 1849 subditus
567 1783 674 1870 illis»,
702 1784 866 1870 componit
893 1801 935 1847 ea
960 1782 1130 1866 Iuvencus,
1158 1802 1241 1865 quae
1271 1787 1472 1869 compositio

295 1882 393 1949 efficit
417 1889 648 1952 sententiarum
671 1888 917 1974 dispositionem
941 1885 1182 1969 elegantiorem.

380 2006 429 2073 Ne
452 2011 594 2074 narratio
620 2011 782 2075 «asinae
805 2015 844 2074 et
866 2007 987 2094 pulli»
1012 2009 1273 2092 interrumpatur,
1302 2010 1470 2076 Iuvencus

294 2113 474 2195 transponit
495 2114 717 2196 evangelistae
740 2132 854 2179 versus
876 2110 969 2178 Mtth.
992 2111 1073 2176 XXI
1098 2112 1202 2176 1-10
1225 2112 1286 2176 ita:
1311 2112 1470 2198 Incipit

294 2234 314 2278 a
336 2234 452 2280 versu
474 2218 597 2300 primo
621 2213 681 2301 (l),
704 2223 783 2280 tum
806 2220 1022 2300 sequuntur
1042 2233 1180 2281 versus
1196 2213 1226 2300 2,
1246 2215 1275 2298 3,
1292 2220 1374 2280 tum
1391 2217 1425 2300 6,
1443 2219 1469 2300 7,

294 2315 436 2383 deinde
460 2318 489 2402 4,
513 2321 543 2404 5,
565 2319 596 2405 8,
619 2320 650 2403 9,
677 2321 724 2384 10.
777 2319 953 2402 Postquam
976 2321 1061 2384 enim
1088 2317 1292 2400 evangelista
1318 2323 1469 2386 narravit

293 2441 343 2486 vv.
369 2422 451 2486 1-3
480 2421 655 2508 discipulos
682 2425 808 2489 asinam
836 2428 869 2487 et
896 2421 1018 2509 pullum
1045 2419 1208 2488 adducere
1236 2421 1343 2488 iussos
1384 2443 1468 2506 esse,

292 2525 405 2590 inserit
436 2545 520 2591 nuno
553 2525 733 2611 prophetae
762 2526 864 2591 verba
896 2527 929 2592 in
962 2546 1013 2594 vu.
1044 2525 1064 2589 4
1093 2532 1126 2590 et
1153 2526 1183 2591 5.
1238 2525 1321 2590 Tum
1358 2529 1468 2610 pergit

292 2648 344 2693 vv.
372 2629 392 2694 6
420 2635 453 2693 et
480 2629 499 2692 7
527 2650 664 2695 narrans
693 2629 869 2714 discipulos
898 2630 1023 2696 asinam
1052 2635 1084 2695 et
1112 2629 1232 2713 pullum
1263 2631 1375 2695 iussos
1413 2629 1467 2696 ad-

292 2730 421 2817 ducere,
455 2739 488 2798 et
513 2737 546 2798 in
569 2755 619 2798 vv.
643 2734 750 2799 8-10
777 2752 836 2799 nos
865 2735 1019 2800 certiores
1048 2732 1126 2798 iacit
1156 2731 1197 2797 de
1223 2732 1297 2798 Iesu
1329 2734 1467 2800 introitu

293 2835 426 2901 solemni
461 2837 638 2903 Ierusalem
676 2839 709 2901 in
748 2837 860 2902 urbem
896 2836 992 2904 iacto.
1050 2834 1116 2902 Sed
1149 2835 1309 2901 Iuvencus
1350 2845 1466 2902 narrat
1502 2883 1503 2892 ἦ

291 2941 427 3023 primum
454 2941 580 3005 asinam
608 2945 641 3006 et
668 2940 789 3025 pullum
819 2938 994 3024 discipulos
1021 2938 1183 3006 adducere
1211 2938 1329 3016 alesu
1358 2941 1465 3006 iuberi
1502 2937 1503 2970 ³

292 3061 411 3125 eosque
445 3045 514 3109 eius
546 3043 702 3110 mandata
731 3044 876 3126 exsequi,
910 3062 994 3125 quae
1021 3043 1130 3108 omnia
1156 3043 1320 3107 continent
1347 3062 1465 3110 versus

291 3145 383 3212 Mtth.
411 3147 491 3211 XXI
519 3147 548 3229 2,
576 3147 606 3229 3,
635 3148 664 3232 6,
693 3146 712 3209 7
742 3175 782 3200 =
814 3146 882 3210 Iuv.
911 3146 961 3209 III
989 3145 1176 3232 625-6323
1211 3143 1328 3211 deinde
1366 3148 1466 3214 affert

291 3248 468 3334 prophetae
496 3251 596 3315 rerba
624 3252 658 3314 iu
684 3271 735 3317 vv,
764 3248 935 3315 633-635
964 3278 1004 3304 =
1032 3249 1123 3314 Mtth.
1153 3249 1235 3314 XXI
1262 3249 1291 3334 4,
1322 3251 1358 3334 5;
1398 3261 1464 3315 tum

291 3358 401 3416 narrat
427 3353 503 3418 Iesu
535 3354 700 3418 introitum
735 3353 909 3418 solemnem
938 3352 1106 3418 css-641
1138 3380 1178 3408 =
1207 3350 1298 3416 Mtth.
1322 3350 1412 3418 XXI
1435 3351 1463 3434 8,

291 3455 386 3520 9.10.
425 3457 515 3522 Haec
538 3475 687 3522 versuum
710 3457 919 3539 transpositio
941 3462 973 3520 et
989 3454 1157 3539 dispositio
1173 3459 1247 3521 sunt
1261 3452 1462 3522 laudandae.

376 3577 570 3642 Iuvencus
603 3579 817 3661 praecipue
855 3577 911 3642 eis
944 3595 1098 3660 quoque
1135 3575 1240 3642 locis
1275 3594 1461 3641 versuum

289 3685 639 3763 transpositiones
668 3684 748 3747 sibi
777 3684 913 3757 sumit,
945 3683 1089 3763 quibus
1121 3683 1282 3746 exstant
1308 3680 1462 3748 breves

291 3789 502 3852 orationes
532 3790 569 3852 et
594 3787 904 3866 responsiones.
949 3782 1042 3859 Quod
1069 3783 1141 3848 volo
1171 3781 1328 3868 exemplis
1355 3785 1460 3850 mani·

290 3887 407 3954 festum
431 3889 502 3952 fiat:

376 3991 554 4074 Iohannes,
589 4011 651 4074 quo
685 3993 718 4056 in
752 3993 823 4057 loco
857 3991 902 4056 IV
936 3991 977 4056 47
1012 4009 1059 4073 sq.
1093 3996 1205 4053 narrat
1237 3990 1458 4056 centurionem

290 4095 407 4161 aIesu
429 4102 541 4180 petere
569 4093 625 4158 filii
655 4096 866 4178 sanationem,
895 4093 975 4159 facit
1000 4095 1108 4157 Iesum
1131 4091 1314 4174 loquentem
1343 4112 1373 4156 v.
1401 4092 1458 4158 48:

292 4197 387 4264 «Nisi
415 4199 513 4284 sipua
537 4201 568 4263 et
584 4197 739 4283 prodipia
761 4197 912 4264 videritis
933 4216 1003 4263 uou
1021 4194 1190 4277 creditis»,
1216 4195 1331 4278 quibus
1346 4197 1456 4262 verbis

290 4305 433 4368 centurio
449 4300 624 4387 respondet
639 4301 694 4368 49:
721 4300 888 4368 «Domine
911 4299 1063 4367 dmceude
1076 4298 1275 4382 priusquam
1292 4297 1457 4366 moriatur

288 4403 530 4490 filius-meus»,
558 4403 673 4488 quibua
700 4407 815 4471 iterum
839 4404 984 4470 Christus
1012 4401 1190 4470 referteo:
1222 4401 1339 4468 «Vade
1363 4400 1457 4482 filius
