3046 5206
74 4109 104 4324 Videns
75 3898 103 4088 autem
74 3694 104 3880 Iesum
83 3639 104 3674 a
76 3458 111 3627 longe
75 3162 105 3387 53—-542
73 2976 111 3144 Isque
73 2868 102 2962 ubi
76 2524 111 2855 pergentem
72 1452 102 1519 28
81 1425 100 1437 :
70 1211 101 1350 Cum
66 907 100 1150 vidisset
65 658 96 848 autem

119 4073 147 4321 cucurrit
121 3980 146 4037 et
119 3676 146 3942 adoravit
127 3513 146 3640 eum
119 3063 147 3347 Christum
128 2925 155 3029 per
120 2721 148 2890 litora
119 2522 155 2688 vidit,
119 1337 146 1522 Iesum
118 966 153 1284 prostravit
126 862 147 924 se
116 761 147 814 ei
119 656 147 715 et

172 4262 198 4322 et
170 3941 197 4192 clamans
178 3725 197 3873 voce
177 3455 205 3664 magna
162 3247 190 3386 Cum
163 2973 191 3220 clamore
163 2833 190 2948 ruit
164 2523 199 2804 longeque
163 2386 190 2453 29
171 2359 188 2371 :
161 2222 188 2299 Et
169 2035 189 2170 ecce
161 1585 188 1979 clamaverunt
161 1177 189 1520 exclamavit
170 947 189 1094 voce
170 657 197 864 magna

213 4182 240 4320 dicit
222 4159 239 4172 :
206 2834 234 3086 adcurrit
207 2549 234 2796 adorans
216 2523 234 2536 :
204 1615 232 1871 dicentes
212 1589 230 1602 :
204 1327 232 1521 dicens
214 1300 230 1312 :

264 4175 296 4319 Quid
263 3994 291 4128 mihi
266 3892 291 3950 et
264 3742 291 3847 tibi
265 3578 291 3709 Iesu
263 3454 291 3534 fili
267 3292 294 3386 55:
266 2933 300 3254 Regnantis
273 2675 301 2914 ‘semper
267 2523 294 2642 Do-
266 2360 293 2454 29:
263 2165 296 2310 Quid
264 1963 293 2130 nobis
266 1868 291 1926 et
263 1712 298 1833 tibi,
262 1586 289 1667 fili
265 1427 292 1520 28:
264 1229 296 1374 Quid
264 1047 291 1182 mihi
266 940 291 998 et
264 789 291 894 tibi
267 656 291 745 est

306 4229 334 4320 dei
307 3954 334 4192 summi?
326 3903 333 3916 -
326 3852 333 3865 -
326 3799 333 3812 -
326 3744 334 3758 .
309 3116 335 3252 mini
310 2765 338 3082 certissima
310 2523 345 2732 proles-
307 2306 334 2455 Dei?
306 1963 340 2210 (Venisti
306 1787 334 1898 huc
308 1588 333 1720 ante
307 1361 334 1522 Iesus
306 1214 333 1294 fili
307 1038 334 1148 Dei
307 657 334 958 altissimi?

352 2097 384 2320 tempus
351 1792 384 2059 torquere
356 1651 376 1757 nos
348 1587 382 1638 Ῥ)
349 1269 377 1520 Obsecro
352 1186 377 1244 te
358 1090 377 1161 ne
358 977 377 1066 me
353 657 385 943 torqueas-

401 4246 427 4321 Et
399 3793 434 4210 deprecabatur
408 3630 427 3757 eum
400 3456 426 3595 mul-
404 3154 432 3388 56—57:
403 2817 437 3084 Oramus,
411 2687 430 2759 ne
411 2523 431 2628 nos
403 1425 430 1520 31:
402 1300 428 1376 Et
401 971 436 1259 rogabant
402 774 429 928 illum
410 657 429 727 ne

445 4184 477 4321 tum,
450 4076 470 4147 ne
450 3978 470 4038 se
442 3641 477 3946 expelleret
444 3455 469 3616 extra
445 3069 473 3274 solitae
445 2784 480 3034 regionis
445 2676 473 2747 ab
446 2522 473 2637 oris
443 1215 478 1520 imperaret
444 1089 471 1199 illis
445 942 471 1071 utin
444 657 479 928 abyssum

485 4013 520 4320 regionem-
488 3115 515 3387 Excutias
488 2884 523 3055 longe
489 2524 516 2820 tormentis
486 2007 488 2010 ’
486 1358 514 1522 irent-

531 2523 559 2898 excruciatos-

580 4244 607 4319 Et
579 3848 614 4226 interrogavit
587 3705 606 3830 eum
588 3678 605 3691 =
590 3625 602 3648 «
578 3453 613 3606 quod
584 3179 611 3388 58—59
590 3152 608 3166 :
582 2972 609 3115 Nam
590 2727 610 2931 nomen
583 2522 617 2698 Legio
582 1449 609 1520 30
590 1425 606 1436 =
580 1012 615 1400 Interrogavit
582 805 607 994 autem
588 658 607 784 eum

622 4212 649 4319 tibi
629 3974 649 4180 nomen
624 3849 649 3939 est
633 3814 645 3836 ³⁶>
624 3713 649 3772 et
621 3540 649 3678 dicit
622 3453 649 3506 ei
627 3295 652 3384 est
625 3112 652 3278 nobis
624 2772 659 3091 multosque
625 2648 652 2752 sub
634 2523 653 2636 uno
623 1335 650 1522 Iesus:
622 1083 655 1260 «Quid
622 919 650 1026 tibi
630 657 651 861 nomen

676 4291 688 4314 «
664 4096 699 4271 Legio
664 3938 691 4070 mihi
673 3711 692 3915 nomen
667 3602 693 3691 est
665 3452 700 3584 quia
667 3150 695 3387 Nomine
668 2828 695 3122 consociat
668 2637 695 2805 flatus
668 2523 695 2614 vis
666 1391 693 1519 esf-⁴?
677 1329 693 1374 »·
665 1207 693 1287 Af-
666 1091 693 1185 ille
665 905 692 1070 diXit²
676 851 688 874 «
665 657 700 834 Legio

707 4155 735 4316 multi
715 3928 734 4120 sumus
719 3864 734 3910 20-
710 2816 737 2942 sola
710 2521 738 2782 nocendi-
716 1193 735 1520 nnnnnnn
710 1166 735 1190 t
708 935 736 1108 mihi»
718 904 743 919 ς
708 655 738 834 multa

751 1373 778 1519 enim
751 1110 778 1336 fuerant
749 757 778 1074 daemonia-

802 4174 828 4316 Erat
803 3973 828 4163 autem
800 3878 828 3957 ibi
801 3713 828 3866 circa
803 3453 829 3700 montem
804 3313 831 3382 60
811 3289 829 3301 =
802 3061 829 3259 Cernis
804 2978 830 3042 ut
803 2692 830 2962 immundi
803 2523 831 2673 subi-
805 2382 832 2451 30
811 2357 829 2370 :
802 2166 829 2311 Erat
804 1944 829 2132 autem
809 1793 828 1907 non
801 1587 835 1757 longe
803 1454 831 1521 32
811 1425 829 1439 ε
802 1225 829 1368 Erat
805 979 829 1168 autem
802 847 829 927 ibi
810 657 837 795 grex

851 3784 878 4087 porcorum
851 3452 878 3690 magnus
847 3183 880 3323 gant
844 3007 872 3150 haec
853 2934 879 2972 p
853 2753 872 2930 aaaaa
846 2559 880 2720 porci
846 2520 873 2548 ⁶?
845 2377 872 2450 ab
845 2257 872 2338 eis
853 2081 880 2220 grex
852 1750 879 2053 porcorum
843 1587 870 1726 mul-
852 1218 879 1521 porcorum
845 856 872 1158 multorum
852 659 878 790 pas—

890 2264 915 2452 torum
895 1965 922 2229 pascens-
887 1274 915 1518 centium
896 1248 914 1261 ε

937 3672 972 4127 deprecabantur
945 3452 965 3579 eum
941 3318 967 3384 61
947 3287 965 3300 :
938 3165 966 3268 His
937 2945 966 3146 saltein
939 2753 966 2924 liceat
939 2520 967 2736 rabiem
942 2389 969 2453 31
948 2357 966 2372 ε
940 1979 967 2305 Daemones
940 1733 966 1924 autem
946 1589 965 1680 ro—
941 1459 966 1517 et
941 1071 973 1426 rogaverunt
939 866 973 1038 illum,
940 753 965 818 ut
938 655 965 712 in

980 4083 1015 4314 spiritus
979 3719 1014 4022 dicentes):
981 3452 1008 3644 «mitte
982 2858 1009 3068 satiare
983 2519 1017 2823 repulsam,
982 2235 1017 2454 gabant
989 2064 1009 2192 eum
981 1738 1009 2018 dicentes:
980 1584 1008 1678 «Si
989 1309 1016 1520 porcos
981 970 1009 1272 introirent
1002 921 1009 934 -
1002 867 1009 882 -
1001 811 1009 825 .
1001 760 1008 775 -

1031 4209 1051 4314 nos
1023 4104 1050 4161 in
1031 3834 1058 4060 porcos,
1025 3716 1050 3780 ut
1023 3612 1050 3667 in
1031 3453 1051 3552 eos
1024 2315 1052 2452 eicis
1032 2122 1058 2256 nos,
1024 1887 1051 2049 mitte
1032 1715 1051 1821 nos
1023 1587 1050 1646 in

1066 3970 1094 4315 introeamus
1077 3909 1094 3954 »-
1074 3194 1076 3198 ’
1075 2220 1102 2454 gregem
1075 1828 1101 2186 porcorum»-

1008 4579 1043 4634 ²32

1127 4214 1158 4254 ι)
1126 3961 1153 4176 Versus
1126 3811 1153 3916 Mc-
1126 3723 1153 3776 V
1128 3655 1154 3687 8
1125 3332 1153 3604 «dicebat
1126 3113 1153 3288 enim
1126 2949 1153 3068 ini»
1137 2871 1149 2893 «
1126 2763 1153 2854 exi
1127 2485 1161 2718 spiritus
1126 2158 1154 2442 immunde
1126 2036 1154 2108 ab
1126 1723 1154 1989 homine»
1126 1424 1153 1675 Iuvenco
1127 1285 1152 1374 est
1125 697 1159 1252 praetermittendus,

1169 4406 1203 4559 quod
1169 4276 1197 4373 illo
1177 4067 1196 4241 versu
1169 3864 1197 4045 verba
1177 3634 1197 3837 versus
1171 3577 1198 3608 7
1169 3323 1201 3536 «Quid
1161 3025 1199 3286 mihi'et
1169 2860 1197 2991 tibi
1172 2715 1197 2824 est
1190 2665 1196 2678 -
1189 2613 1197 2628 -
1190 2561 1197 2575 -
1170 2493 1196 2522 ‘?
1170 2258 1198 2457 adiuro
1172 2163 1198 2222 te
1178 2025 1205 2128 per
1170 1803 1204 1988 deum,
1177 1685 1197 1769 ne
1177 1554 1196 1653 me
1171 1186 1203 1518 torques»
1168 695 1208 1143 quaeqneglexit,

1214 4225 1247 4559 argumenta
1211 3774 1239 4190 confirmantur.
