3046 5206
651 453 688 516 15

54 623 192 708 eipem,
222 629 256 686 ut
278 623 467 708 Hieronymi
490 623 598 688 verhis
622 628 703 706 utar,
735 643 826 690 «nou
850 623 1061 708 pertimuisse
1086 624 1249 711 aucupetts'

55 719 285 794 maiestatem
319 725 392 793 suh
412 726 509 793 metri
543 728 626 812 lepos
656 727 820 812 mittere»,
855 728 940 812 qued
974 731 1003 794 ci
1032 749 1170 814 magnae
1200 735 1250 796 est

55 829 172 915 laudi,
214 830 301 914 quod
335 833 449 915 spinae
483 831 545 896 arti
572 830 720 916 poeticae
747 833 874 917 aperuit
908 838 1055 899 sanctam
1088 834 1250 916 evangelii

57 935 262 1000 materiam.
301 933 457 1000 Omnibus
476 934 675 1018 temporibus
697 933 826 1001 fuerunt
848 937 902 1019 qui
925 938 993 1003 sive
1017 939 1157 1004 scientes
1181 939 1249 1004 sive

56 1039 266 1104 nescientes
287 1040 418 1104 Iuvenci
439 1040 581 1121 vestigia
605 1044 823 1121 sequerentur.

109 1175 111 1181 v
157 1143 192 1207 2.
226 1142 319 1209 Nune
348 1141 391 1207 ad
419 1141 575 1225 singula
600 1141 854 1226 progrediamur.
899 1143 1068 1222 Quomodo
1089 1148 1249 1214 Iuvencus

61 1251 232 1330 quattuor
264 1246 437 1329 evangelia
471 1245 618 1311 versibus
644 1245 843 1312 hexametris
870 1249 1155 1334 circumscripserit
1182 1251 1248 1315 iarn

62 1371 83 1415 a
113 1348 277 1416 Maroldo
306 1351 449 1416 breviter
475 1347 680 1432 disquisitum
706 1355 756 1416 est
788 1351 821 1414 in
850 1354 1129 1439 commentatione,
1157 1355 1249 1420 cuius

63 1473 170 1538 supra
189 1451 240 1540 (p.
260 1452 314 1538 12)
338 1454 533 1518 mentionem
556 1452 701 1519 fecimus.
746 1459 921 1523 iuvenco
944 1459 1245 1526 tundamentum

64 1561 330 1625 narrationis
354 1561 497 1641 epicae
522 1560 764 1625 esseSancli
780 1563 973 1627 Matthaei
995 1566 1245 1646 evangelium

64 1666 178 1730 inter
231 1682 366 1729 omnes
410 1665 580 1728 constat.
639 1667 782 1728 Tamen
824 1668 929 1731 alios
966 1670 1246 1749 evangelistas

64 1771 241 1833 minime
267 1768 576 1849 praetermittlt;
605 1769 727 1833 immo
756 1769 981 1835 invenimus
1009 1774 1178 1836 eLucae
1209 1775 1247 1837 et

66 1874 272 1938 iohannis
301 1871 526 1952 evangeliis
553 1872 763 1951 longiores
785 1875 903 1938 iocos
925 1877 1117 1956 sumptos.
1162 1873 1247 1951 Quin

65 1976 169 2039 etiam
202 1993 340 2039 carmen
362 1992 427 2037 non
448 1973 561 2054 incipit
583 1990 604 2036 a
625 1971 803 2058 Matthaeu,
831 1973 889 2040 scd
912 1995 932 2040 a
954 1976 1044 2041 Luca
1066 1965 1133 2042 15.
1180 1976 1246 2043 Sed

65 2076 157 2160 quod
201 2072 516 2159 Leimbaohius1)
560 2072 639 2140 dicit
679 2075 799 2142 Marci
840 2079 1050 2162 evangelio
1092 2083 1246 2147 omnino

64 2181 286 2247 Iuveneum
315 2200 388 2246 non
416 2197 523 2244 usum
546 2197 648 2264 esse,
677 2199 808 2246 verum
830 2173 996 2247 nonest.
1043 2182 1245 2267 Quamquam

64 2283 242 2370 proprium
284 2283 438 2350 honorem
474 2282 577 2346 Marci
617 2283 788 2366 evangelio
823 2286 984 2376 Iuvencus
1023 2306 1087 2352 non
1124 2288 1244 2354 tribuit.

65 2388 178 2454 Utitur
202 2387 294 2453 illius
317 2386 486 2470 evangelio
508 2386 554 2452 ita
577 2390 611 2449 ut
634 2385 700 2452 alia
723 2389 895 2472 evangelia
917 2390 1091 2474 suppleret.

155 2490 192 2578 a)
218 2491 380 2557 Iuvencus
401 2489 511 2555 verbis
533 2489 549 2552 I
571 2485 635 2553 364
657 2509 722 2572 sq.:

146 2594 261 2661 «Tum
278 2593 385 2678 petit
407 2643 414 2658 .
440 2642 447 2658 .
471 2642 479 2658 .
504 2644 510 2657 .
534 2600 567 2658 et
591 2594 722 2661 lustro
742 2596 925 2681 feroram

168 2697 488 2782 obsequiumque
508 2696 579 2763 uu
596 2697 734 2780 putris
750 2699 944 2782 praehere
965 2701 1152 2768 mtor'strr'

168 2800 399 2869 Certabunt
419 2800 556 2884 rapidi
579 2851 586 2864 .
612 2850 618 2864 .
643 2850 650 2863 .
676 2827 706 2864 .»

68 2906 236 2989 exprimit,
259 2904 347 2988 quod
368 2905 525 2970 Marcus
543 2904 816 2988 evangelistarum
840 2906 946 2972 solus
969 2906 1047 2972 dicit
1069 2908 1084 2972 Ι
1109 2909 1162 2975 ]3;
1192 2915 1244 2975 «et
1273 2903 1275 2905 ’

69 3012 157 3074 erat
177 3030 266 3076 cum
289 3007 427 3075 bestiis
450 3013 486 3074 et
507 3008 643 3094 capeti
664 3008 959 3106 ministrabant
979 3011 1085 3078 tuo.
1128 3013 1242 3095 Itaque

68 3110 113 3196 id,
143 3111 235 3196 quod
261 3111 426 3178 Marcidus
434 3109 459 3197 ²)
489 3113 616 3196 scripsit
643 3112 724 3178 haec
752 3114 854 3180 verba'
881 3135 901 3179 a
929 3119 1026 3199 poeta
1054 3114 1131 3180 fieta
1159 3135 1241 3201 esse,

70 3214 191 3282 falsum
223 3221 282 3301 est,
310 3217 438 3283 etiamsi
464 3215 565 3281 verba
595 3215 752 3310 «lustro
778 3218 982 3303 ferarum»
1013 3223 1141 3303 sumpta
1168 3226 1242 3285 sunt

71 3337 88 3382 e
117 3319 245 3404 Vergili
279 3319 447 3404 Georgicis
478 3320 510 3384 II
543 3320 602 3385 471
641 3345 673 3381 e.
698 3367 706 3382 .
731 3370 737 3382 .
762 3367 769 3384 .
798 3321 864 3386 illio
898 3322 1000 3387 saltus
1033 3341 1072 3386 ao
1108 3322 1242 3390 taetro

70 3421 263 3503 fororum».

156 3528 243 3596 Nisi
266 3528 451 3612 resipere,
474 3531 512 3591 at
534 3528 782 3593 narrationis
804 3527 899 3594 ordo
920 3530 955 3593 in
977 3528 1124 3596 versibus
1148 3530 1237 3595 1321

71 3730 298 3800 Maroneia:
309 3735 326 3914 ς
331 3732 440 3819 «Eupo
453 3734 598 3800 aderaut
604 3735 722 3819 populi
728 3735 916 3820 passimque
928 3735 1007 3806 hiae
1017 3736 1096 3804 iude
1106 3743 1241 3806 roceto

71 3832 164 3901 Mtth.
175 3838 226 3902 III
237 3837 299 3922 5,c
351 3836 563 3920 Oomptedorut
581 3838 677 3922 ripas
696 3839 851 3924 coidtpae
875 3841 1009 3908 teocam
1026 3841 1191 3926 petebant.

352 3940 458 4007 Teuta
479 3943 676 4012 camelorum
697 3944 839 4028 fumant
859 3944 1027 4012 velamina
1047 3945 1148 4012 suetis

71 3984 328 4200 Mffimllssff
349 4043 397 4110 Et
417 4045 637 4129 zoooe‘pettis
658 4046 801 4114 medium
822 4047 955 4114 eiusce
971 4049 1148 4134 profetam.

138 4101 152 4161 t
177 4100 250 4164 'II
349 4147 398 4214 Et
419 4152 548 4215 tauram
568 4149 690 4216 udum
708 4150 871 4234 prebeat
890 4152 1057 4219 ahmein
1079 4153 1213 4219 melta.»

159 4294 181 4360 ¹)
198 4293 240 4349 in:
255 4287 540 4364 «Rectenepclopddte
551 4298 604 4366 fiir
610 4297 728 4364 protest.
744 4297 836 4352 Theoi.
849 4316 876 4353 u.
890 4297 1011 4353 Kircte»
1026 4315 1048 4356 s.
1060 4317 1085 4356 e.
1099 4298 1238 4354 Iuvencus

77 4375 892 4452 OEpfflfflfflmmmemmma

159 4467 382 4539 hhcpffih
