3046 5206
619 459 659 523 77

160 626 339 711 Exempla
371 625 554 692 huiusmodi
584 633 713 692 exstant
742 627 829 711 apud
856 630 924 694 Iuv.
953 631 985 692 in
1015 649 1140 718 summe
1170 632 1220 715 55,

63 750 222 812 quorum
251 731 285 794 in
309 731 350 794 44
369 731 471 797 verba
493 729 784 797 consimiliter
807 730 968 817 desinunt,
992 734 1025 796 in
1049 734 1084 797 11
1110 732 1220 799 simi-

66 834 173 899 77777
215 833 353 898 cadunt.
405 833 489 911 Quot
522 835 672 918 exempla
704 839 774 899 tota
807 836 840 899 in
868 834 1013 900 Aeneide
1042 843 1221 922 occurrant,

63 941 204 1004 nescio.
244 941 283 1004 In
298 938 380 1002 libro
397 945 489 1004 sexto
510 941 565 1021 qui
581 944 708 1004 constat
730 959 748 1003 e
763 939 910 1004 versibus
926 940 986 1004 901
1004 938 1220 1027 Nordenius1)

64 1041 219 1124 collegit
254 1043 273 1104 5
303 1042 464 1127 exempla.
514 1043 553 1106 In
581 1062 644 1106 uno
674 1047 782 1106 autem
810 1042 943 1107 Iuvenci
971 1043 1054 1108 libro
1084 1046 1221 1109 occurrit
1291 1069 1294 1076 ·

63 1143 158 1208 haec
186 1144 368 1209 collocatio
393 1145 433 1208 14
449 1156 488 1215 ><
512 1145 565 1209 771
590 1145 628 1210 15
644 1157 695 1215 ><.
740 1135 827 1228 Ergo
850 1146 1009 1211 Iuvencus
1036 1145 1098 1211 hae
1125 1149 1158 1211 in
1187 1167 1221 1212 re

65 1267 215 1330 quoque
244 1247 422 1330 Vergilium
445 1268 598 1333 superare
619 1246 758 1313 videtur.

36 1367 111 1432 VII.
140 1369 290 1434 Verba
310 1367 464 1433 faciunt
486 1369 653 1434 alterius
673 1389 809 1434 versus
829 1371 982 1435 initium
1004 1377 1040 1436 77
1062 1373 1220 1456 exitum,

142 1472 325 1536 alterius
349 1473 510 1537 exitum:

141 1577 270 1658 Verg.
295 1575 425 1640 71468
450 1595 512 1658 sq:

309 1679 447 1745 77777777
475 1679 570 1745 dictis
594 1681 744 1747 amimam
773 1681 991 1848 lacrimasque
1012 1683 1131 1749 ciebat

961 1785 1218 1873 ..7.7777177772)

146 1869 238 1934 1777.
261 1867 450 1951 12457777

306 1973 406 2036 77777
414 1972 444 2036 77
452 1976 496 2037 77
480 1973 624 2055 77777777
646 1974 790 2040 lustrata
806 1974 1000 2042 habitacula
1014 1981 1219 2042 monstrat

961 2080 1162 2146 ..sciata
1167 2085 1218 2145 777

1165 2274 1219 2352 77,7

149 2164 228 2229 Iuv
252 2162 284 2225 11
308 2162 345 2226 91
373 2182 435 2244 sq:

306 2267 487 2333 7777777777
508 2267 686 2350 lectamque
708 2268 830 2333 ameris
849 2268 918 2334 iam
896 2269 1008 2437 fort
994 2267 1160 2335 77177777
1103 2274 1186 2353 apta

993 2372 1160 2439 77717777.

152 2457 229 2520 Iuv.
253 2456 388 2520 111724
412 2477 475 2539 sq:

302 2558 533 2642 praecipitet
960 2563 1182 2647 ..reposcit

960 2666 1156 2752 ..7777777

84 2768 118 2829 in
158 2787 288 2834 summa
315 2769 423 2831 inveni
456 2767 494 2832 18
524 2725 684 2853 exempla,
717 2716 901 2850 quorum·
878 2771 909 2833 in
940 2790 1002 2835 uno
1031 2773 1094 2835 tria
1119 2772 1220 2835 verba

85 2869 242 2936 similit
228 2874 287 2935 777
302 2869 464 2955 desinunt,
441 2872 519 2934 tin
534 2871 674 2954 quinque
689 2870 838 2937 similit
824 2875 883 2937 777
899 2872 1019 2938 cadunt
1041 2872 1103 2939 duo
1119 2874 1220 2939 verba

87 2976 160 3040 7777
193 2994 233 3039 77
262 2994 346 3057 quae
374 2995 502 3041 versum
530 2976 668 3059 priorem
696 2974 865 3040 includunt
894 2977 993 3042 veluti
1021 2978 1065 3042 IV
1088 2976 1219 3062 741742,

88 3078 161 3142 7777
178 3077 280 3143 verba
296 3098 379 3161 quae
394 3097 507 3145 777777
523 3078 688 3159 utriusque
708 3079 804 3143 finem
820 3079 943 3145 faciunt
958 3081 1057 3145 veluti
1073 3081 1105 3144 11
1121 3079 1219 3165 91792

88 3183 161 3246 7177
190 3181 290 3246 verba
319 3203 402 3265 quae
430 3203 543 3248 versus
572 3183 688 3265 prioris
715 3184 840 3246 initium
875 3188 907 3247 et
939 3203 1052 3248 versus
1087 3183 1219 3250 alterius

88 3282 191 3350 finem
214 3284 338 3350 faciunt
360 3286 460 3351 veluti
483 3288 498 3351 l
522 3283 651 3370 298799.

49 3401 134 3470 7111.
160 3406 307 3471 Versus
344 3407 449 3489 prior
485 3407 624 3489 incipit
661 3426 681 3470 a
716 3407 834 3472 verbo
872 3412 909 3472 et
941 3426 1080 3473 7777777
1118 3406 1219 3472 71777

157 3509 289 3574 verbis
312 3507 479 3573 includit
467 3515 527 3573 tur
536 3507 576 3595 ³):

157 3613 268 3694 Verg.
300 3611 433 3676 711421
420 3613 524 3694 1.:sq
559 3610 806 3677 7777777777

337 3737 339 3744 ⁴
560 3714 783 3798 corripit.
802 3719 987 3798 .atqae.
1006 3716 1220 3798 ..resaiait;

158 3820 239 3884 Iuv.
311 3818 343 3883 11
373 3818 435 3885 653
460 3838 522 3900 sq:
558 3817 780 3884 adveniet
731 3823 1018 3901 ttempas....

560 3921 824 4004 accipient...
845 3921 1219 4004 .77....777771777777,·

94 4025 217 4090 Eadem
247 4025 416 4091 collocatio
445 4027 543 4089 etiam
570 4024 907 4112 777777777190791;
937 4025 1146 4112 1114867877
1173 4028 1218 4092 17

94 4128 223 4215 262763,
248 4127 378 4214 331732.

139 4308 159 4372 ¹)
178 4307 195 4360 l.
214 4324 236 4360 o.
255 4325 282 4376 p.
301 4312 362 4364 383.

138 4395 159 4460 2)
177 4395 209 4447 n.
228 4395 244 4446 1.
264 4411 287 4448 0.
305 4412 332 4463 p.
352 4395 458 4463 773777.

138 4481 333 4548 quemn
