3046 5206
661 474 679 535 5

150 643 274 710 Eodem
297 643 392 709 modo
414 645 530 709 retinet
544 644 704 709 Iuvencus
723 619 953 709 vocabulum
974 650 1103 710 textus
1120 629 1253 730 ¹graeci

82 750 353 832 compositum,
376 747 492 830 quibus
514 748 594 814 locis
616 752 747 813 textus
769 747 883 814 latini
897 747 1055 833 praebent
1071 750 1252 834 simplex:

212 867 308 953 Apud
330 868 422 934 Mtth.
442 868 507 932 XX
524 868 564 932 25
591 893 616 930 s.
636 920 641 929 .
660 917 666 929 .
685 919 692 933 .
709 868 736 930 οῖ
760 867 908 953 ἄρχοντες
932 874 990 930 τῶν
1015 868 1110 931 ἐθνῶν
1135 893 1252 932 κατα-

109 973 370 1056 κυριεύουσιν
398 971 497 1034 αὐτῶν
525 972 576 1033 καὶ
604 971 632 1032 οἱ
661 973 789 1052 μεγάλοι
813 970 1096 1041 κατεξουσιάζουσιν
1120 971 1250 1035 αὐτῶν.»

128 1081 235 1143 exstat
268 1077 459 1142 vocabulum
493 1076 703 1159 compositum
739 1073 1131 1160 «κατακυριεύουσιν»,
1167 1076 1253 1158 quod

129 1201 201 1246 cum
224 1180 372 1245 omnibus
388 1181 421 1243 in
437 1178 603 1268 codicibus
619 1179 729 1244 latinis
745 1177 924 1262 explicetur
938 1178 1096 1244 vocabulo
1113 1179 1251 1263 simplici

129 1283 433 1349 «dominantur»
458 1284 618 1348 Iuvencus
640 1284 690 1346 III
705 1282 767 1347 603
789 1281 895 1364 magis
917 1283 1014 1346 vertit
1037 1281 1079 1347 ad
1103 1283 1250 1348 verbum:

239 1401 421 1468 «Geutibus
442 1402 557 1484 infidis
579 1403 665 1469 celso
688 1402 814 1468 dicique
830 1406 974 1485 potestus

258 1506 399 1590 lupercii
421 1527 635 1590 quoscumque
657 1528 777 1590 super
800 1505 1067 1571 deminuatur
1089 1528 1199 1572 eorum

257 1611 486 1695 Emerceuique
510 1616 632 1678 trucem
654 1611 808 1677 subiectis
830 1608 969 1676 urbibus
990 1609 1108 1676 irum».

125 1738 177 1801 Ita
221 1737 286 1800 lam
320 1729 545 1820 Arevalu's1)
584 1753 711 1817 quoquo
757 1734 932 1818 explicavit
976 1732 1100 1798 dicens:
1147 1730 1252 1817 «Depo

123 1861 197 1906 cum
233 1836 469 1920 manuscriptis
508 1857 798 1921 «quoscumque
834 1857 952 1920 super
990 1836 1252 1902 dominaretur

122 1964 277 2010 eorum»
318 1945 349 2006 et
376 1945 517 2024 possunt
553 1941 632 2007 hoec
670 1941 733 2008 duo
766 1940 866 2007 verbu
899 1941 1058 2026 couiumqi
1096 1961 1250 2023 «super-

123 2044 1251 2131 dominantur»ut«superiuqerere,superaddere,super·

122 2152 290 2217 ducere»
317 2153 348 2215 et
369 2148 525 2216 similia».
572 2147 643 2226 Qua
665 2150 931 2233 interpretatione
958 2149 1112 2214 tolluntur
1141 2168 1252 2213 omnes

122 2254 342 2338 difficultates,
366 2273 447 2335 quas
469 2253 521 2318 hie
543 2254 633 2319 locus
656 2253 763 2317 attulit
785 2253 835 2336 iis,
859 2254 913 2335 qui
928 2253 1106 2318 Iuvencum
1121 2257 1177 2317 aut
1195 2273 1248 2317 ex-

121 2351 324 2446 plicaverunt
347 2362 403 2422 aut
425 2341 606 2440 ediderunt,
629 2358 676 2420 ita
697 2361 733 2420 ut
755 2357 885 2422 minime
901 2377 983 2442 opus
998 2359 1039 2422 sit
1055 2358 1250 2423 coniectura.

121 2465 236 2529 Liceat
259 2481 336 2545 ergo
366 2460 442 2524 mihi
465 2481 549 2525 nunc
572 2460 712 2545 adicere,
740 2459 900 2544 quomodo
923 2462 1012 2527 locus
1034 2461 1088 2526 ille
1112 2463 1153 2526 sit
1176 2480 1249 2526 con-

123 2565 297 2632 struendus
308 2566 357 2646 III
374 2563 436 2630 602
448 2584 510 2646 sq.:
538 2564 714 2630 «Gentibus
731 2564 838 2630 infidis
855 2565 943 2631 celsa
960 2565 1086 2632 dicione
1104 2570 1250 2650 potestas

122 2671 258 2754 imponit
270 2687 490 2751 quoscumque
503 2697 543 2722 =
552 2687 608 2734 eos
622 2669 813 2750 quicumque
826 2667 1129 2753 superdominantur
1140 2688 1249 2734 eorum

48 2849 52 2853 ,
123 2777 340 2860 exercentque
368 2777 491 2837 trucem
520 2771 674 2837 subiectis
702 2771 835 2836 urbibus
863 2775 974 2837 iram».
1024 2773 1137 2837 Recte·
1152 2773 1250 2855 igitur

74 2873 77 2880 ’
123 2877 260 2942 adnotat
287 2875 468 2941 Huemerus
497 2876 529 2940 in
557 2874 708 2963 editionis
736 2894 814 2940 suae
842 2874 948 2941 indice
977 2898 1008 2960 p.
1039 2877 1099 2941 157
1127 2881 1159 2940 et
1189 2876 1249 2940 159

127 2979 305 3046 «dominari
330 2998 401 3044 cum
424 2980 606 3061 genetivo».
651 2979 737 3061 Ergo
753 2978 913 3044 Iuvencus
935 2978 1041 3044 reddit
1057 2978 1247 3046 adverbum

123 3083 394 3166 κατακυριεύουσιν
419 3081 528 3144 αὐτῶν.
862 3077 866 3088 ’
920 3070 922 3074 ’

208 3204 299 3268 Alter
338 3204 428 3268 locus
465 3204 519 3285 qui
553 3207 602 3267 est
635 3209 824 3290 argumento
858 3204 1033 3293 Iuvencum
1066 3205 1247 3289 inspexisse

123 3313 246 3374 textum
269 3326 423 3390 graecum
446 3311 495 3370 est
511 3305 557 3371 IV
573 3307 631 3372 481
652 3336 691 3359 =
707 3305 800 3370 Mtth.
816 3307 925 3372 XXVI
941 3309 991 3373 36.
1036 3307 1248 3390 Evangelista

122 3414 222 3476 utitur
244 3410 304 3476 hoc
328 3411 399 3476 loco
422 3409 524 3480 verbo,
547 3410 789 3494 «καθίσατε»,
813 3409 898 3493 quod
914 3410 1061 3502 codicum
1075 3412 1246 3476 latinorum

123 3521 272 3581 auctores
305 3514 404 3579 verbo
438 3514 575 3598 simplici
606 3514 785 3582 «sedete»
815 3513 968 3600 reddunt3
1003 3513 1061 3579 sed
1088 3515 1247 3581 Iuvencus

124 3619 202 3684 dicit
228 3617 346 3688 «iussit
366 3617 545 3682 residere
567 3615 755 3682 ministros»
781 3618 994 3702 compositum
1009 3619 1161 3710 retinens.
1205 3619 1247 3682 Et

32 3723 36 3730 '
122 3723 236 3807 paucis
258 3721 406 3787 versibus
429 3728 502 3808 post
524 3721 568 3786 IV
586 3722 649 3787 534
665 3751 705 3776 =
721 3722 813 3810 Mtth.
829 3723 940 3787 XXVI
956 3722 996 3786 55
1012 3720 1098 3785 idem
1113 3721 1245 3786 verbum

124 3825 411 3914 «ἐκαθεζόμην»
446 3825 605 3890 Iuvencus
638 3826 752 3890 iterum
786 3824 892 3890 reddit
923 3845 981 3910 per
1015 3825 1245 3908 «residere»,

123 3949 195 3994 curn
218 3927 384 3995 codicibus
407 3928 516 3994 latinis
539 3927 693 3994 reddatur
715 3928 767 3994 hic
791 3949 917 4014 quoque
940 3950 997 4014 per
1023 3913 1242 3994 «sericium»

122 4033 233 4098 solumss

78 4258 280 4267 ...—-—.-

166 4409 186 4474 1)
213 4407 241 4460 in
265 4407 384 4477 Mignii
411 4407 534 4462 editi0ne
562 4423 634 4476 quae
662 4413 794 4463 vocatur:
825 4409 1025 4478 «Putroloyiac
1048 4426 1148 4464 cursus
1172 4427 1242 4464 cour·

72 4495 168 4562 pietus
187 4496 251 4548 etc.»
272 4493 343 4548 serie
361 4495 453 4548 luiiuc
471 4497 534 4548 tom.
554 4494 635 4548 XIX
646 4513 676 4563 p.
696 4499 754 4550 264.
