3046 5206
842 424 932 508 34,

325 596 415 663 loeus
431 598 552 661 minore
568 596 761 661 auctoritate
777 604 827 662 est
842 596 969 680 dignus,
985 594 1071 680 quod
1085 593 1143 661 iila
1157 596 1342 682 prophetae
1357 597 1462 662 verbs

324 700 486 766 nonnullis
508 702 541 765 in
564 698 729 766 codicibus
750 700 858 766 latinis
878 701 1075 784 omIttnntur,
1098 699 1198 765 veluti
1213 701 1246 764 In
1263 700 1463 765 Gorbeiensi

326 806 431 890 priore
456 801 539 890 (ff1).
584 803 704 867 stilla
725 803 827 870 verba
849 809 882 868 et
903 803 1046 870 nonnulli
1069 822 1183 869 versus
1205 802 1293 869 haud
1320 807 1398 869 seio
1426 825 1464 868 nn

325 907 410 993 apud
432 909 606 972 Iuvenoum
629 905 747 991 desint,
770 906 857 990 quod
878 909 912 972 in
934 907 1016 973 libro
1038 907 1150 992 latino,
1172 927 1268 990 quem
1291 909 1464 973 Invenous

324 1013 357 1076 in
379 1011 529 1076 manibus
552 1009 706 1094 habebat,
730 1009 911 1076 defuerunt.

367 1130 444 1197 Sed
466 1152 539 1197 non
563 1132 683 1198 solum
707 1132 811 1197 tales
834 1134 1112 1198 annotationes
1136 1132 1183 1197 ab
1199 1133 1465 1215 evangeliste

281 1255 298 1300 e
336 1241 577 1301 testamento
620 1242 752 1300 vetere
796 1234 940 1302 duotas
983 1236 1176 1320 neglegit,
1219 1233 1289 1301 sed
1337 1239 1464 1302 etiam

281 1342 563 1406 additamenta
587 1342 853 1421 explicantia,
883 1359 984 1423 qnae
1013 1343 1299 1424 evangelistae
1331 1347 1465 1408 orati-

280 1447 424 1511 onibus
448 1449 515 1510 ant
538 1446 848 1510 narrationibus
872 1448 1143 1510 inseruerunt.

409 1564 517 1630 Veluti
540 1563 619 1629 dioit
642 1562 709 1629 Ioh.
733 1564 813 1629 144
837 1562 1065 1650 explicandi
1088 1583 1205 1630 eausa
1229 1569 1323 1631 «erat
1348 1571 1466 1633 namn

322 1665 503 1752 Philippeo
533 1688 554 1734 a
583 1665 768 1735 Bethsaida
796 1667 928 1734 civitate
956 1667 1111 1734 Andreae
1143 1671 1175 1734 'ei
1201 1666 1336 1754 Petri»,
1376 1691 1465 1753 quae
1500 1669 1502 1800 l

323 1772 424 1839 verba
446 1771 608 1837 Iuvencus
632 1772 749 1837 omittit
771 1777 847 1856 post
868 1792 897 1835 v.
921 1770 955 1836 ΙΙ
980 1772 1051 1837 100.
1501 1803 1502 1808 ¹

253 1965 256 1976 ἱ
409 1883 505 1968 Apud
539 1882 679 1948 eundem
713 1883 949 1968 evangelistam
983 1882 1101 1966 legitur
1134 1882 1167 1948 ΙΙ
1195 1884 1216 1948 9
1248 1885 1465 1969 interpositio

326 1985 497 2056 «ministri
524 1991 633 2054 antem
661 1985 817 2068 sciebant,
854 1986 912 2070 qni
941 1985 1145 2053 hauriebant
1175 2007 1332 2070 aonam»,
1375 2009 1466 2072 qnae

324 2111 343 2155 a
367 2092 506 2158 Iuvenoo
529 2093 806 2177 praetermittitur.

409 2202 533 2268 Eadem
550 2222 704 2269 excausa
720 2204 910 2268 omittuntur
925 2222 1038 2270 versas
1053 2202 1144 2268 Mtth.
1157 2202 1253 2268 XVII
1270 2203 1310 2268 13
1332 2228 1348 2261 «
1361 2202 1467 2272 Thone

323 2305 564 2373 intelleaernni
591 2305 745 2390 discipali
772 2305 853 2390 eins,
881 2305 962 2389 qnia
989 2306 1026 2372 de
1049 2305 1204 2373 Iohanne
1230 2305 1318 2372 diait
1343 2306 1465 2394 illis»,

325 2414 356 2474 et
379 2410 447 2475 ioh.
470 2410 519 2475 XI
545 2409 583 2474 18
606 2429 719 2477 versus
750 2435 765 2468 <‹
774 2413 847 2475 erat
874 2413 984 2476 aniene
1006 2409 1179 2478 Bethania
1205 2408 1304 2476 insta
1331 2409 1465 2478 Hiera

323 2511 481 2598 solymam
507 2515 622 2599 fenea
650 2513 770 2580 stadiis
797 2513 1028 2601 qaindecim»;
1058 2534 1171 2581 versus
1204 2515 1320 2600 prioris
1352 2518 1466 2584 verba

324 2615 551 2683 desiderantur
574 2617 662 2702 apud
684 2618 752 2683 Iuv.
776 2620 860 2685 inter
880 2638 994 2685 versus
1010 2619 1059 2683 III
1081 2619 1141 2684 351
1167 2625 1200 2684 et
1220 2617 1294 2703 352,
1318 2619 1466 2686 alterius

324 2722 614 2805 mnwffl

366 2842 525 2908 luvenous
547 2843 607 2908 has
631 2845 858 2909 annotationes
880 2844 1028 2910 omisisse
1055 2843 1133 2910 mihi
1160 2842 1288 2909 videtur
1313 2843 1465 2929 primum

281 2947 357 3028 quia
380 2943 423 3012 ad
446 2946 550 3011 loeum
573 2945 826 3033 intellegendum
849 2949 890 3014 iis
912 2967 993 3032 opus
1015 2967 1080 3013 non
1108 2952 1188 3031 erat,
1218 2944 1337 3012 deinde
1366 2949 1465 3030 quod

281 3047 420 3132 idoneae
442 3069 507 3115 non
530 3055 633 3134 erant,
656 3069 741 3133 quae
763 3055 972 3116 verterentur.

366 3173 516 3238 Poetae
551 3177 644 3238 sunt
678 3191 822 3238 versus
855 3175 1227 3255 praetermittendi,
1267 3191 1314 3237 ne
1352 3191 1464 3240 con-

280 3279 414 3340 textus
437 3279 627 3342 violetur.

409 3393 645 3460 DesIderantur
672 3393 760 3480 apud
788 3394 857 3460 Iuv.
889 3403 962 3480 post
988 3416 1017 3459 v.
1046 3394 1091 3460 IV
1119 3394 1182 3460 402
1210 3395 1302 3460 Mtth.
1338 3416 1462 3465 versus

323 3496 433 3562 XXVI
461 3501 475 3562 l
508 3503 541 3562 et
570 3495 589 3560 2
628 3496 700 3563 «Er
729 3498 857 3582 foetam
884 3502 939 3578 esi,
974 3518 1047 3564 enm
1075 3503 1328 3566 annominasset
1354 3498 1462 3569 Iessos

323 3620 485 3666 sermones
514 3603 712 3682 insomnes,
743 3601 832 3668 dixit
858 3600 1029 3684 discipulis
1055 3601 1126 3668 sais
1154 3601 1217 3689 (l):
1244 3601 1343 3669 Scitis
1368 3607 1461 3686 qaia

318 3708 394 3786 posi
416 3703 551 3770 bidnnm
567 3702 695 3787 paseha
709 3703 773 3787 fiet,
797 3708 830 3771 et
842 3703 935 3785 filins
950 3704 1093 3772 hominis
1109 3705 1266 3787 traditor,
1291 3710 1331 3772 nt
1343 3711 1459 3775 oruci-

323 3805 449 3892 fipainr
473 3805 552 3893 (2)».
599 3807 758 3885 Quoniam
781 3809 941 3875 Iuvencus
963 3815 1037 3892 post
1059 3830 1088 3875 v.
1112 3809 1203 3874 Mtth.
1227 3809 1320 3874 XXV
1343 3810 1384 3873 46
1415 3843 1457 3868 =

324 3911 391 3975 luv.
409 3911 454 3975 IV
470 3911 532 3976 305
549 3912 682 3977 inseruit
697 3909 765 3974 Ioh.
781 3910 829 3974 XI
849 3910 962 3994 1-46‚
986 3911 1101 3994 quibus
1122 3913 1269 3978 versibus
1288 3914 1457 3980 Lazarum

324 4019 482 4079 mortuum
511 4033 532 4078 a
559 4016 633 4079 Iesu
660 4015 694 4078 in
722 4015 822 4078 vitam
854 4017 999 4080 revocari
1032 4022 1191 4100 narratur,
1223 4022 1353 4102 poetam
1385 4019 1457 4086 illis

324 4117 471 4182 versibus
494 4117 603 4182 XXVI
629 4120 642 4183 l
669 4124 702 4183 et
724 4116 744 4180 2
766 4137 830 4182 non
856 4118 921 4181 iam
949 4119 995 4182 uti
1022 4121 1166 4202 potuisse
1195 4124 1347 4204 apparet3
1373 4140 1454 4187 nam

325 4220 472 4286 versibus
494 4219 562 4286 Iolr.
580 4221 628 4284 XI
646 4219 750 4284 1-46
773 4223 965 4287 intermissis
985 4221 1076 4286 Mtth.
1094 4241 1207 4288 vorsus
1221 4222 1331 4288 XXVI
1348 4225 1362 4288 l
1382 4231 1417 4290 et
1434 4227 1453 4290 2

324 4323 403 4388 nihil
426 4323 534 4409 habet,
557 4324 600 4389 ad
624 4324 710 4406 quod
731 4326 903 4408 pertinent.
941 4325 1056 4407 Itaque
1077 4331 1209 4408 poetam
1223 4347 1360 4410 pergere
1375 4347 1453 4393 anm

325 4426 439 4492 Matth.
462 4427 573 4492 XXVI
596 4428 615 4491 3
637 4447 771 4493 neeesse
795 4433 852 4492 est.
