3046 5206
830 411 872 476 44

314 586 357 661 ut
389 591 560 671 postquam
593 591 745 669 parentes
779 591 992 668 reppererunt
1029 605 1180 669 puerum,
1219 583 1302 650 dicit
1347 586 1478 650 Maria

315 692 371 754 Lo.
395 689 508 754 1148:
534 713 656 753 .....
681 688 764 755 Ecce
781 692 880 772 puter
903 693 980 756 tuus
1003 694 1035 755 et
1056 709 1111 774 eqo
1134 689 1327 756 dolentes
1354 710 1476 774 quae-

315 792 467 980 rebumlus
489 795 555 875 te»,
583 812 679 875 quam
702 812 814 858 vocem
841 792 1070 860 «dolentes»
1101 800 1199 879 pocta
1227 795 1274 859 ita
1305 800 1478 860 exornat
1512 829 1513 832 =

316 896 418 961 1296
433 895 489 960 97:

382 1015 504 1098 «Nate,
529 1015 587 1099 uit,
611 1016 767 1084 amissum
792 1017 969 1084 lacrimis
993 1023 1022 1084 te
1043 1037 1165 1101 quaero
1182 1017 1392 1102 profusis

408 1119 549 1186 Auula
570 1141 643 1186 oum
663 1121 810 1205 sonitore
830 1142 1019 1207 comeus».

358 1257 517 1324 Matthaei
538 1279 652 1325 versus
667 1260 747 1325 lvo
771 1260 883 1344 incipit
907 1280 926 1324 a
948 1260 1105 1326 vocabulo
1129 1260 1266 1344 simplici
1290 1262 1468 1326 «tuuc»

274 1362 359 1446 quod
382 1364 541 1428 Iuvencus
563 1362 740 1448 amplificat
762 1363 779 1427 Ι
801 1360 958 1447 3821383ι

272 1514 275 1522 ·
340 1491 523 1558 «Rursus
545 1496 588 1559 ut
608 1492 682 1559 ille
705 1494 810 1560 dolos
831 1493 1011 1559 versutis
1033 1491 1192 1559 arctous
1215 1496 1378 1574 optume

364 1595 529 1662 Nectere
553 1599 761 1681 temptator
778 1601 970 1680 properat
992 1647 999 1659 .
1025 1647 1031 1660 .
1058 1648 1063 1660 .
1089 1622 1116 1659 .»

401 1734 471 1811 Quo
494 1737 526 1800 in
549 1755 644 1800 versu
666 1736 701 1801 II
723 1737 765 1803 50
796 1735 1056 1819 «suadebatque
1079 1754 1221 1820 qruues
1248 1739 1293 1800 ut
1321 1735 1465 1802 lumea

315 1837 396 1924 filu
422 1842 607 1904 cuteuus»
640 1843 829 1906 «colemus
854 1859 1035 1924 croces»,
1069 1859 1151 1922 quas
1183 1839 1276 1904 homo
1312 1860 1335 1902 a
1371 1840 1460 1906 dae-

316 1943 464 2008 monibus
480 1949 644 2028 correptus
660 1943 839 2027 scindebat,
863 1948 1030 2027 comparat
1048 1962 1119 2008 oum
1138 1941 1296 2008 «laucis
1310 1942 1460 2027 filis»,

315 2047 424 2129 imago
452 2051 523 2112 orta
551 2053 601 2113 est
624 2068 641 2113 e
664 2050 794 2132 poetae'
808 2049 947 2131 ingenio.
971 2084 1014 2094 -
1036 2044 1160 2111 Eodem
1182 2044 1277 2112 modo
1302 2055 1459 2113 exornat

315 2151 475 2215 Iuvencus
490 2172 547 2241 vv.
571 2151 603 2217 II
628 2150 813 2217 142-144:

361 2271 567 2355 «Praeceptis
585 2276 709 2356 parent
730 2272 864 2338 iuuenes
886 2271 1058 2354 undasque
1080 2272 1239 2337 corouuut

383 2372 548 2458 Ooupletls
572 2375 670 2442 lublls
695 2376 860 2460 lapidum·
884 2379 961 2441 tum
982 2395 1115 2458 spuma
1133 2394 1204 2458 per
1226 2394 1317 2440 orus

382 2476 616 2546 Coumlutus
638 2480 759 2546 uudls
782 2499 906 2546 usurus
929 2479 977 2545 od
998 2498 1146 2544 summo
1166 2479 1363 2544 uolutat».

316 2600 537 2683 evangelistae
553 2602 621 2667 Iob.
638 2604 739 2669 verba
750 2604 783 2667 ΙΙ
795 2605 828 2669 7:
848 2607 903 2668 «et
913 2601 1132 2685 impleverunt
1145 2621 1201 2666 cus
1216 2599 1275 2685 (sc.
1287 2601 1449 2690 hydrias)

316 2724 442 2786 usque
465 2705 514 2770 ud
534 2726 579 2771 su
590 2727 766 2773 mmum».
791 2744 831 2752 —
855 2705 949 2782 Quod
971 2705 1057 2790 apud
1081 2704 1148 2770 Iob.
1165 2706 1211 2771 IV
1227 2704 1268 2769 50
1291 2704 1449 2772 Christus

318 2808 506 2892 simpliciter
534 2810 673 2892 loquitur
702 2809 745 2875 ad
772 2811 989 2875 centurionem
1026 2807 1154 2874 «Vade
1184 2807 1310 2893 filius
1344 2812 1448 2874 tuus

315 2911 417 2977 vluit
440 2963 445 2976 .
471 2962 477 2975 .
503 2963 510 2975 .
536 2939 575 2997 .>›,
599 2913 775 2998 amplificat
797 2914 956 2979 Iuvencus
979 2913 1011 2977 ΙΙ
1034 2911 1170 2998 337s38:

340 3067 366 3104 «.
393 3092 399 3105 ,
424 3091 430 3103 .
457 3092 464 3124 ,
487 3042 553 3107 sed
569 3062 689 3128 perce
711 3048 749 3109 et
769 3042 914 3126 sospite
935 3042 1020 3108 vitu

364 3144 540 3212 Aedibus
562 3145 606 3212 iu
627 3148 773 3213 uestris
795 3148 945 3214 dulcem
967 3147 1221 3230 complectere
1243 3144 1412 3212 uotum».

336 3365 340 3369 .
360 3283 454 3360 Quod
483 3283 560 3349 dicit
582 3287 767 3352 Matthaeus
789 3288 855 3351 XII
878 3288 935 3353 30:
966 3286 1067 3366 «Qut
1092 3305 1170 3351 mou
1187 3266 1253 3351 'est
1278 3307 1436 3368 mecum,

273 3389 465 3455 aduersus
486 3410 540 3455 me
561 3393 653 3473 est»,
676 3390 836 3456 Iuvencus
858 3391 941 3455 bene
965 3389 1107 3473 explicat
1130 3389 1161 3452 11
1184 3387 1317 3472 619s202

340 3509 539 3593 «Quisque
560 3511 655 3576 mele
678 3511 813 3578 aberit
834 3510 1033 3576 discretus
1054 3508 1167 3575 miles
1190 3508 1236 3574 ub
1261 3509 1380 3575 urmls

365 3613 504 3680 Hostis
520 3614 570 3679 'lu
592 3614 757 3681 aduersu
779 3613 970 3681 consistet
989 3615 1124 3709 fronte
1146 3612 1309 3697 duelli»,

273 3737 448 3820 imaginem
472 3735 631 3802 adhibens
655 3756 750 3819 quam
774 3757 791 3802 e
815 3736 911 3801 rebus
934 3734 1127 3799 militaribus
1149 3735 1273 3818 petivit.

358 3878 536 3942 Exomatio
575 3879 705 3962 poetica
743 3877 923 3942 clarissima
961 3880 1010 3940 est
1048 3873 1196 3939 vocabuli
1231 3873 1427 3948 «uultures

273 3980 364 4044 Mttb.
381 3981 459 4044 XIV
475 3981 508 4046 6:
533 3978 609 4064 (Die
633 3985 739 4045 autem
763 3980 864 4046 natali
888 3977 1035 4044 Herodes
1057 3975 1428 4044 saltuultHerodIadis

273 4082 339 4148 filia
361 4085 395 4148 in
418 4084 565 4148 convivio
590 4134 596 4148 .
621 4133 627 4146 .
652 4133 659 4148 .
685 4080 718 4168 .),
742 4102 824 4165 quae
847 4083 1009 4147 invenitur
1031 4082 1081 4147 III
1105 4078 1218 4164 sulm:

344 4215 410 4279 «Iu
432 4212 535 4279 medlo
558 4212 709 4279 iuuenem
729 4211 866 4297 reqluue
887 4210 963 4292 fillo
984 4211 1075 4296 uquo

366 4319 557 4384 Alteruos
580 4317 751 4382 luterum
773 4316 958 4382 aeternus
979 4315 1210 4382 sluuume'ue
1231 4319 1365 4396 motus,

366 4420 605 4504 Couposltus
627 4425 750 4487 cautu
771 4419 909 4505 luuqit
929 4420 1161 4487 modulante
1182 4420 1371 4488 choreas».
