3046 5206
647 449 685 515 17

65 600 147 689 eum
159 622 268 689 Maroo
283 642 486 708 comparans,
505 623 606 689 Marei
619 623 727 688 verbis
742 648 755 680 ‹<
765 643 850 689 cam
860 643 947 688 sero
962 626 1057 689 erret
1069 621 1244 708 factumn

65 733 253 792 commotus
282 729 323 791 sit
353 725 397 791 ad
426 745 539 792 vooem
570 744 731 792 «seras»
757 723 895 790 11829
917 731 949 792 et
972 725 1020 790 ad
1043 726 1246 793 fictionem

64 832 271 916 poetieam
304 850 430 913 neque
465 829 786 895 consideraverit
818 828 938 895 Marei
972 830 1152 896 versibus
1180 850 1245 895 ‘se-

66 933 290 1017 quentibus
313 933 393 998 alia
415 935 570 999 narrari
592 953 636 998 ae
651 932 856 1018 Matthaei,
880 932 967 1018 apud
984 953 1077 1017 quem
1095 932 1245 1018 disoipuli

69 1057 161 1102 nuno
186 1057 206 1102 a
227 1038 303 1103 Iesu
324 1043 449 1122 petunt,
478 1043 514 1102 ut
536 1036 597 1102 sibi
620 1037 849 1121 interpretetur
872 1035 1108 1122 similitudines,
1131 1037 1246 1120 quibus

70 1142 109 1204 in
134 1141 333 1206 orationibus
356 1159 434 1205 usus
457 1141 508 1205 sit.

164 1243 319 1309 Similiter
347 1263 399 1309 res
427 1263 462 1310 se
489 1243 678 1309 habetluv.
703 1243 900 1311 1143-73:
936 1243 1139 1328 Quamquam
1163 1265 1246 1329 quae

71 1350 234 1414 Iuvencus
275 1347 326 1413 his
368 1349 401 1412 in
442 1347 590 1412 versibus
632 1351 761 1431 tractat,
798 1353 928 1431 praeter
964 1348 1108 1414 Marcum
1146 1352 1244 1415 etiam

72 1451 261 1518 Matthaeus
295 1457 328 1516 et
360 1452 466 1516 Luoas
499 1451 720 1534 evangelistae
752 1453 927 1517 memoriae
959 1451 1100 1537 tradunt,
1136 1457 1245 1518 tamen

74 1558 252 1621 Iuvenonm
286 1560 456 1621 nontam
488 1553 689 1620 Matthaeum
725 1555 777 1620 vel
810 1556 931 1621 Lucam
969 1576 1066 1639 quam
1100 1556 1245 1622 Maroum

75 1661 106 1725 V
132 1659 235 1724 1-17
263 1660 354 1742 sequi
383 1664 477 1743 puto,
510 1678 586 1723 nam
610 1657 672 1724 hoo
696 1678 822 1742 quoque
845 1659 917 1725 looo
938 1665 1027 1727 totus
1049 1661 1246 1748 narrationis

75 1762 156 1830 ordo
185 1764 288 1845 magis
310 1762 420 1828 Mareo
448 1759 633 1846 respondet.
684 1762 727 1826 Ut
755 1760 842 1845 qnod
870 1761 943 1828 dieo
970 1783 1067 1846 quam
1094 1763 1247 1830 laoillime

74 1866 293 1950 intellegatur,
331 1869 482 1948 quattuor
523 1867 726 1931 narrationes
769 1871 801 1931 et
837 1866 939 1932 Mami
977 1873 1009 1932 et
1046 1868 1176 1934 Iuvenoi
1215 1873 1247 1932 et

74 1969 234 2036 Matthaei
266 1975 299 2034 et
324 1970 433 2034 Lucae
468 1967 677 2052 comparandi
706 1989 813 2052 eausa·
834 1969 911 2034 mihi
940 1972 1033 2036 iuxta
1062 1976 1136 2036 sunt
1163 1992 1247 2036 oom-

73 2072 257 2160 ponendae.
