3046 5206
313 3749 344 4012 Marcus
312 3650 343 3706 V
313 2791 343 3110 Iuvencus
313 2699 342 2745 ΙΙ
310 1868 341 2242 Matthaeus
310 1693 341 1822 vn!
290 1491 358 1498 ί
308 1037 339 1248 Lucas
308 862 339 993 vlu

425 4145 432 4158 -
426 4091 434 4107 -
404 4027 431 4055 *Ρ
404 3785 432 3984 adiuro
406 3691 431 3748 te
412 3553 438 3656 per
404 3403 431 3519 Do-
406 3235 433 3326 62:
405 3058 431 3170 Per
405 2818 438 2999 patris
404 2461 432 2754 altithroni
368 1493 419 1500 1
403 1371 429 1462 28:
421 1330 427 1342 -
420 1289 427 1300 .
421 1247 428 1260 -
421 1207 427 1220 -
400 1152 427 1180 ⁸?
400 844 428 1095 Obsecro
402 760 427 819 te
420 720 426 733 -
419 677 427 690 .
420 639 427 652 -
419 599 426 614 -

455 3063 475 3268 nomen
447 2787 475 3024 sublime
456 2460 482 2750 rogamus-

500 4188 526 4265 Et
498 3811 526 4095 concessit
498 3642 525 3723 eis
499 3401 525 3559 Iesus
500 3094 527 3328 63—6Sz
499 2822 533 3072 Imperat
499 2719 526 2808 his
498 2459 526 2703 hominis
500 2302 527 2395 32:
499 2180 526 2255 Et
499 2063 525 2143 ait
498 1893 526 2028 illis:
499 1679 525 1847 «Ite»-
497 1528 524 1608 At
496 1367 523 1463 3-2:
514 1314 521 1327 -
514 1261 521 1274 -
514 1210 521 1222 .
514 1157 521 1170 -
497 1060 521 1118 et
493 770 528 1028 permisit
493 600 520 725 illis-

541 4069 568 4262 statim
543 3974 568 4033 et
543 3668 568 3938 exeuntes
541 3399 575 3630 spiritus
543 3083 569 3326 mentem
541 2761 569 3044 dimittere
542 2462 569 2722 Christus
541 2316 568 2397 illi
544 1986 569 2257 exeuntes
541 1652 569 1914 abierunt
540 1529 567 1586 in
554 1365 572 1378 ς
545 1157 573 1297 Cum
546 844 573 1096 exissent
548 599 572 786 autem

583 3995 610 4264 immundi
583 3643 611 3960 introerunt
584 3555 611 3611 in
592 3401 618 3531 por—
585 2904 619 3326 Porcorumque
584 2750 612 2884 sinit
584 2461 620 2734 gregibus
592 2169 619 2396 porcos,
586 2087 611 2144 et
592 1928 612 2061 ecce
584 1689 618 1904 impetu
583 1527 611 1669 abiit
589 1158 616 1459 daemonia
587 1033 615 1104 ab
588 733 622 976 homine,
588 598 614 679 in-

625 4146 654 4272 ⁴008-
629 4051 653 4108 et
634 3809 661 4016 magno
626 3567 660 3780 impetu
635 3401 661 3538 grex
626 2740 654 2901 finire
626 2461 655 2703 furores-
629 2239 654 2394 totus
635 2065 662 2202 grex
635 1927 661 2029 per
634 1615 661 1893 praeceps
627 1529 653 1586 in
632 1180 659 1460 troierunt
631 1054 657 1111 in
639 737 665 973 porcos:
632 595 658 654 et

669 3855 704 4265 praecipitatus
670 3719 695 3809 est
669 3620 695 3677 in
677 3400 696 3571 mare-
670 3249 697 3325 Et
670 3094 697 3207 iam
669 2707 704 3052 praecipites
678 2461 705 2665 scopu-
678 2213 697 2393 mare:
673 2089 697 2146 et
669 1822 697 2031 mortui
672 1637 696 1769 sunt
669 1530 696 1586 in
675 1245 709 1459 impetu
673 1078 701 1219 abiit
682 921 708 1060 grex
681 861 708 900 p
680 653 700 858 oooooo
681 598 699 651 m

712 4062 746 4263 (Erant
714 3806 739 3994 autem
712 3572 745 3735 quasi
712 3401 740 3514 duo
713 2949 740 3127 lorum
713 2656 747 2910 margine
713 2460 747 2620 porci
712 2213 747 2392 aquis-
725 1357 751 1462 per
724 1029 751 1307 praeceps
715 919 742 975 in
723 710 743 864 mare
717 594 742 654 et

755 4109 781 4262 milia
756 3986 788 4064 et)
754 3672 781 3940 suffocati
757 3496 782 3627 sunt
755 3399 782 3456 in
755 3263 782 3326 In
763 3070 783 3224 mare
755 2792 783 3037 coniecti
758 2458 790 2772 properant
758 1191 787 1456 suffocati
760 1005 786 1152 sunt-

798 4104 825 4261 mari-
798 2667 832 2995 disperdere
799 2460 825 2632 vitas-

848 4155 881 4259 Qui
851 3909 876 4099 autem
848 3547 883 3864 pascebant
857 3399 877 3499 eos
852 3088 879 3322 69-—712
850 2970 877 3051 At
858 2795 877 2937 vero
858 2731 877 2763 e
850 2459 884 2706 speculis
849 2297 876 2392 33:
850 1981 882 2244 pastores
849 1736 875 1925 autem
848 1529 882 1690 {uge-
851 1369 878 1460 34:
848 1168 875 1307 Cum
847 833 875 1115 vidissent
849 598 874 787 autem

891 3977 926 4264 fugerunt-
894 3863 919 3921 et
892 3396 919 3804 nuntiaverunt
892 2975 920 3247 miracula
895 2775 920 2939 tanta
894 2460 926 2743 paventes
893 2236 918 2393 runt:
893 2131 918 2188 et
890 1797 918 2095 venientes
890 1704 917 1761 in
890 1529 917 1666 civi—
891 1363 925 1459 qui
890 1012 925 1331 pascebant
890 837 925 990 quod
890 598 917 812 factum

934 4205 961 4262 in
934 3901 962 4167 civitates
937 3807 962 3864 et
935 3715 962 3771 in
943 3491 970 3681 agros-
938 3373 966 3456 et¹
935 3003 970 3325 Diffugiunt
935 2684 969 2952 urbisque
937 2458 962 2631 ruunt
936 2216 961 2393 tatem
934 1761 961 2170 nuntiaverunt
933 1527 960 1717 omnia
936 1339 968 1458 est,
933 996 968 1266 fugerunt
935 878 960 938 et
932 594 959 820 nuntia-

977 4045 1012 4262 egressi
979 3853 1004 3985 sunt
977 3599 1005 3798 videre
978 3399 1012 3532 quid
978 2907 1005 2980 ad
980 2717 1005 2872 tecta
977 2457 1004 2680 subulci
978 2333 1003 2391 et
976 2203 1003 2275 de
977 2057 1004 2145 his
977 1896 1012 1992 qui
977 1526 1004 1826 daemonia
978 1251 1004 1460 verunt
976 1137 1002 1194 in
975 840 1003 1076 civitate
977 720 1002 778 et
975 595 1001 651 in

1021 4107 1046 4262 esset
1019 3841 1046 4072 factum-
1021 3249 1048 3323 Et
1021 3006 1047 3218 {amam
1019 2661 1047 2982 accendunt
1028 2459 1055 2640 popu-
1018 2060 1046 2394 habuerant-
1019 1287 1053 1458 agris-

1063 3041 1098 3240 losque
1063 2931 1090 3004 ad
1062 2726 1090 2896 litora
1065 2459 1097 2689 cogunt·
1056 1697 1061 1710 ’
1072 1366 1099 1459 35:
1070 1061 1097 1317 exierunt
1071 830 1097 1020 autem
1068 595 1095 794 videre

1112 1305 1147 1457 quod
1112 1057 1139 1269 factum
1114 929 1139 1018 est
1131 879 1138 891 .
1131 826 1138 839 -
1130 774 1138 787 .

1165 4201 1190 4260 et
1162 3906 1190 4144 veniunt
1163 3775 1190 3848 ad
1164 3517 1191 3714 Jesum
1166 3398 1190 3456 et
1165 3051 1199 3323 7-2—[73jz
1165 2750 1191 3014 Insanum
1172 2571 1192 2713 vero
1165 2460 1191 2543 iu-
1166 2299 1192 2391 34:
1166 2171 1191 2229 et
1172 1978 1192 2112 ecce
1166 1793 1191 1918 tota
1165 1527 1192 1733 civitas
1166 1399 1191 1458 et
1165 1068 1191 1348 venerunt
1163 941 1190 1014 ad
1163 709 1190 895 Iesum
1164 594 1189 653 et

1205 4062 1232 4263 vident
1205 3747 1232 4028 hominem
1206 3539 1240 3711 illum,
1206 3397 1240 3492 qui
1215 3121 1234 3325 venem
1209 2774 1241 3077 postquam
1207 2459 1241 2730 resipisse
1206 2255 1234 2391 exiit
1206 1990 1234 2219 obviam
1208 1795 1234 1950 Iesu:
1209 1691 1235 1750 et
1208 1528 1235 1656 viso
1207 1120 1233 1460 invenerunt
1204 769 1233 1050 hominem
1212 597 1232 684 se-

1256 4225 1284 4260 ³„-
1248 3890 1275 4189 daemonio
1248 3533 1276 3855 vexabatur
1256 3398 1276 3485 sc—
1249 3057 1283 3323 [Credere
1251 2686 1277 3012 cernentum
1257 2461 1283 2641 popu—
1257 2321 1276 2390 eo
1267 2270 1275 2283 .
1267 2217 1275 2230 .
1268 2165 1274 2178 -
1268 2114 1276 2127 .
1249 1232 1276 1458 dentem
1256 1133 1275 1169 a
1256 963 1283 1074 quo
1248 859 1275 896 d
1255 593 1275 856 aaaaaaa

1290 4033 1317 4260 dentem
1290 3715 1317 3987 vestitum
1293 3593 1318 3668 et-
1298 3398 1317 3573 sanae
1291 3069 1318 3252 lorum
1290 2862 1318 3032 turba
1294 2621 1319 2825 coacta
1292 2461 1326 2585 est,]
1291 1187 1324 1458 exierant,
1290 869 1317 1141 vestitum
1292 772 1317 830 et
1297 594 1317 737 sana

1333 4056 1359 4260 mentis
1334 3961 1359 4018 et
1332 3605 1359 3926 timuerunt,
1334 1273 1367 1460 mente
1332 1136 1367 1209 ad
1332 901 1376 1077 pedes
1334 712 1368 841 Iesu
1336 595 1367 652 et

1389 4291 1446 4299 f
1386 1138 1417 1462 timuerunt-
