3046 5206
856 433 895 496 14

288 601 376 667 euim
413 601 481 668 tuis
516 601 749 684 iustificaberis
785 605 816 667 ei
847 624 887 668 err
920 603 1028 669 verbis
1062 604 1129 671 tuia
1161 605 1467 672 cmdemuaberis»

288 706 461 772 ambitiosa
483 705 590 772 Ovidii
613 707 776 790 elegantia
795 705 906 771 reddit
929 709 1086 774 Iuvencus
1107 709 1139 773 ΙΙ
1162 707 1300 794 635136ι

442 808 642 876 «Verborum
663 809 790 876 meritis
810 809 920 876 renim
939 810 1000 877 aab
1022 810 1131 878 iudice
1148 831 1266 896 poena,

468 911 644 981 Verborum
665 912 791 979 meritis
813 912 949 980 dabitur
970 915 1030 982 sub
1053 913 1163 982 iudice
1182 915 1282 983 viia.»

287 1016 363 1081 Alia
390 1017 485 1082 affert
507 1017 675 1083 ilbertus
702 1018 747 1083 IV
770 1017 833 1083 490
856 1037 903 1100 sq.
926 1023 961 1083 et
982 1017 1043 1084 553
1068 1018 1122 1102 (ed
1144 1018 1284 1106 Huem.).
1316 1057 1360 1068 —-
1394 1021 1468 1088 Suc

288 1121 384 1204 igitur
407 1122 476 1186 iure
496 1121 696 1204 Ebertus1)
720 1119 846 1186 scribite
871 1117 957 1187 «Die
979 1120 1097 1188 Zierdc
1119 1122 1174 1189 des
1188 1122 1315 1209 Stoffea,
1338 1126 1467 1212 iuquit,

286 1245 359 1292 war
400 1223 610 1292 Wahrireii.
666 1224 734 1290 Die
768 1228 859 1291 iream
899 1224 1103 1311 Wiedcrpabe
1141 1227 1306 1294 uuerden
1343 1233 1468 1306 mardie

287 1327 377 1395 seiae
399 1329 482 1395 ersie
504 1327 658 1415 Aufpcie
679 1328 752 1395 seiri
769 1377 777 1393 .
793 1376 800 1393 .
818 1376 850 1393 ..
889 1327 1010 1396 Dumit
1030 1328 1109 1395 aber
1130 1329 1251 1415 werde,
1274 1349 1343 1396 was
1369 1331 1467 1398 auch

287 1429 455 1500 Iuvencus
476 1432 576 1499 selber
595 1432 634 1498 ire
649 1431 754 1499 cium
769 1431 896 1498 kurren
909 1431 1046 1517 Epiiope
1061 1433 1217 1500 audenter
1232 1432 1259 1499 I
1260 1432 1291 1497 V
1299 1433 1377 1500 804
1392 1455 1466 1519 sp:

395 1583 399 1592 .
442 1535 619 1603 «Versibus
641 1540 681 1602 ut
700 1535 825 1602 noscis
846 1535 981 1602 divinae
1000 1534 1111 1620 picria
1135 1536 1214 1622 lepis

319 1679 323 1686 ·
461 1640 667 1707 &ramenta
690 1637 795 1706 libem
816 1644 946 1723 caperet
968 1639 1140 1707 terrerum>
1161 1639 1321 1726 linguae»

286 1735 376 1814 reice
398 1743 612 1812 dichieriaehe
636 1742 803 1828 Tetigisti
827 1763 896 1810 mur
918 1745 986 1828 auf
1002 1743 1055 1810 die
1078 1749 1221 1822 deflere
1244 1744 1366 1812 Form
1393 1746 1466 1813 ries

293 1848 428 1915 Verres
450 1849 523 1915 aad
543 1845 804 1916 Ausdruckea
824 1847 1001 1914 verwieseu
1021 1898 1027 1912 .
1046 1899 1052 1911 .
1070 1898 1077 1912 .
1095 1874 1121 1912 .»
1168 1849 1270 1915 Poeta
1292 1850 1466 1917 Iuvencus

286 1957 390 2019 certat
425 1972 497 2018 cum
524 1952 674 2036 theologo
701 1954 851 2018 Iuvenco.
900 1953 938 2016 In
970 1950 1030 2018 hoe
1060 1953 1235 2018 certamine
1263 1952 1464 2038 plerumque

286 2061 419 2141 superat
435 2054 604 2139 theologus
619 2061 761 2141 poetam.
776 2091 819 2103 -
835 2054 926 2133 Quae
942 2074 963 2121 a
977 2053 1173 2122 Schillero
1192 2056 1462 2141 Klopstockii

284 2161 419 2226 carmini
448 2162 539 2244 cpico
569 2158 655 2244 quod
681 2160 866 2225 inscribitur
890 2153 1077 2224 «Messius»
1108 2159 1198 2224 laudi
1225 2159 1356 2225 dantur:
1390 2161 1462 2228 «So

284 2263 330 2328 ist
356 2263 422 2330 mir
448 2263 501 2329 die
528 2262 692 2329 Messiade
720 2263 771 2329 uis
799 2261 854 2328 eiu
880 2261 1000 2328 sciata
1028 2261 1255 2350 eieyiseiter
1277 2262 1463 2349 deferre

286 2367 357 2433 uad
392 2365 638 2433 ideaiischer
671 2365 996 2451 Sciiideruupeu
1035 2371 1164 2452 muer»,
1206 2368 1336 2432 minime
1378 2378 1460 2434 sunt

284 2470 498 2536 accomodata
520 2469 563 2537 ud
584 2471 717 2536 quenci
739 2488 886 2554 carmem
909 2468 966 2536 sed
989 2469 1076 2552 quod
1091 2469 1309 2538 Schillerus
1331 2470 1459 2558 Klop-

285 2575 429 2640 stcckii
461 2575 595 2640 carmini
628 2575 725 2639 vertit
757 2575 836 2639 vitio
870 2592 1009 2658 pergens
1045 2573 1128 2640 «urie
1160 2573 1266 2659 wenip
1292 2573 1339 2640 sie
1364 2575 1459 2642 mich

184 2719 188 2724 -
285 2678 371 2744 cuch
405 2677 457 2744 ais
487 2677 761 2763 Durateiiurep
802 2676 915 2743 einer
949 2677 1174 2764 Hundiuuq
1206 2679 1278 2746 eud
1311 2679 1362 2744 uia
1397 2681 1457 2747 eiu

284 2780 460 2865 episches
490 2779 600 2874 Werjir
627 2781 853 2867 befriedipet»,
884 2780 970 2845 idem
998 2783 1130 2847 quenci
1160 2783 1293 2847 carmini
1322 2790 1372 2848 est
1396 2804 1455 2869 op-

284 2884 423 2971 probrio.
475 2884 677 2969 Quamquam
705 2883 820 2951 modus
847 2875 1052 2969 vituperandi
1081 2884 1174 2950 nobis
1203 2890 1253 2950 est
1281 2886 1454 2954 tenendus.

283 2989 404 3072 Negari
427 3009 491 3054 non
514 2993 621 3074 potest
643 2989 779 3054 virtutes
801 3008 865 3053 non
892 2986 1015 3054 deesse.
1061 2989 1169 3072 Legae
1197 2988 1292 3052 velim
1321 3008 1454 3055 versum

284 3092 388 3158 1545
424 3091 512 3157 «Est
541 3095 589 3157 est
613 3091 771 3177 sufficiat,
807 3091 892 3175 quoi
923 3111 992 3158 nou
1020 3095 1075 3173 esi,
1115 3090 1222 3173 dicite,
1256 3111 1325 3158 cort
1360 3092 1449 3158 esti»

284 3194 388 3273 Quam
412 3195 579 3280 eleganter
602 3195 822 3280 evangelistae
845 3196 947 3261 verba
969 3194 1076 3260 reddit
1099 3215 1207 3260 eorum
1226 3197 1292 3261 vim
1305 3198 1453 3263 retinens

283 3298 376 3364 Mtth.
406 3299 502 3366 V.37
539 3297 616 3365 «sit
644 3303 753 3366 autem
782 3317 886 3365 sermo
913 3301 1027 3380 vester,
1063 3301 1118 3379 esi,
1147 3302 1203 3380 est,
1218 3318 1309 3383 mort,
1339 3299 1449 3366 cour»

283 3402 406 3468 Eodem
429 3400 525 3469 modo
548 3403 616 3468 Ich.
640 3401 731 3468 1118
763 3401 924 3486 «spiritus
950 3401 1008 3468 ubi
1034 3404 1108 3468 cuit
1133 3401 1257 3486 spirat:
1287 3407 1319 3468 ei
1343 3425 1451 3470 vocem

284 3505 354 3572 uus
377 3505 484 3588 audis,
507 3505 565 3572 sed
584 3523 653 3593 cort
675 3506 738 3572 scic
760 3507 848 3574 uude
869 3504 984 3572 veniet
1002 3506 1284 3590 epicnemidii»
1310 3525 1450 3589 quocum

284 3610 435 3676 conferas
464 3611 532 3676 Ina.
549 3593 588 3675 ἸΙ
613 3609 768 3696 199120οε
803 3608 894 3676 <Hie
919 3607 978 3676 ubi
1008 3610 1094 3691 vuit,
1129 3630 1328 3693 quocumque
1360 3611 1453 3678 volut

282 3734 450 3798 vocemque
476 3735 538 3797 per
571 3733 675 3781 auras
703 3712 823 3794 Iactat,
859 3713 915 3779 sed
945 3711 1059 3794 nescis,
1094 3732 1180 3796 quae
1210 3713 1281 3779 siut
1312 3715 1451 3782 exordia

283 3817 403 3884 amia».
448 3818 561 3900 Neque
584 3817 689 3884 minus
711 3818 794 3884 bene
818 3817 960 3902 explicat
984 3816 1132 3882 versibus
1155 3818 1187 3882 ΙΙ
1210 3815 1329 3903 458159
1362 3817 1453 3886 «Sed

282 3941 338 3987 vos
360 3925 478 4006 cipeto
499 3926 685 4005 serpentum
706 3921 800 3987 corde
821 3919 933 4006 cipeto,
958 3919 1175 4002 Simplicitate
1202 3924 1312 4004 temen
1339 3921 1452 3988 dulces

283 4028 435 4108 superate
456 4024 642 4092 columbus»
670 4024 762 4090 Mtth.
783 4025 884 4089 verba
906 4023 938 4088 X
962 4023 1001 4088 16
1026 4023 1157 4090 «Estote
1178 4019 1341 4108 sapientes
1363 4025 1453 4092 sieut

283 4131 455 4212 serpentes
479 4131 512 4194 et
531 4127 693 4211 simplices
714 4131 754 4196 ut
774 4125 973 4194 columbae».
1014 4127 1080 4192 Sed
1102 4130 1277 4214 praecipue
1300 4129 1333 4192 in
1351 4137 1450 4213 poeta

284 4230 486 4298 aestimando
509 4252 568 4298 nos
591 4251 719 4315 semper
741 4251 899 4297 memores
922 4250 994 4298 esse
1017 4237 1144 4316 oportet
1166 4233 1341 4298 iuvencum
1362 4234 1450 4317 prin-

371 4454 392 4518 1)
410 4452 427 4505 1.
446 4469 468 4507 e.
488 4469 515 4522 p.
537 4457 592 4510 lli.
