3046 5206
592 386 793 484 29--

189 553 311 621 «Tame
332 555 579 640 manifestatur,
603 555 774 623 Bethleem
796 558 881 640 quod
902 559 1072 626 moemc‘bas
1093 560 1192 626 illam

214 657 376 743 Proptpm'
397 663 541 740 aomar,
564 659 620 726 cat
642 680 772 727 sacram
795 661 911 727 ducere
929 661 1056 745 plebem

215 760 489 829 Istrahelitaram
511 767 628 830 semota
649 763 775 830 otrtute
795 784 923 831 meeesse
945 770 1027 830 est».

192 885 243 947 Ite
271 903 323 949 res
351 903 386 948 sc
413 883 513 949 habet
540 887 574 948 in
602 885 673 951 loco
702 886 805 951 altero
833 887 947 952 Matth.
971 889 1003 952 II
1029 887 1083 952 18:
1116 886 1208 953 «voa
1237 887 1277 953 m

88 987 215 1052 Rama
230 985 349 1052 audita
363 991 419 1068 est,
439 989 594 1070 ploratus
609 992 641 1054 et
654 989 808 1055 alalatas
822 990 964 1055 multas:
989 989 1117 1057 Rachel
1135 992 1277 1074 plorares

88 1088 193 1170 filios
213 1109 288 1155 saos
311 1093 342 1154 et
365 1090 476 1156 molatt
502 1091 674 1173 causatori,
704 1091 785 1175 pata
807 1093 876 1158 mom
898 1097 1001 1158 sapt»
1033 1093 1107 1179 (Ier.
1132 1095 1183 1179 31,
1210 1095 1274 1178 15),

91 1213 201 1276 quem
225 1194 383 1259 Iuvencus
406 1193 514 1260 reddit
535 1196 568 1259 II
591 1193 726 1280 265s66:

232 1339 377 1379 .....
399 1313 523 1380 saboh's
544 1315 662 1381 misero
678 1336 742 1399 pro
763 1316 884 1394 fremere
904 1321 1028 1382 matres

250 1417 438 1484 Horremh's
458 1418 606 1503 praviter
628 1419 755 1485 coelam
773 1419 912 1502 pulsare
935 1420 1126 1503 querellis».

192 1557 433 1642 Saepissime
448 1559 641 1623 Iuvencus
663 1576 742 1624 una
764 1563 915 1622 tantum
932 1578 1032 1625 voce
1048 1557 1273 1642 significat,

94 1660 207 1743 quod
224 1660 326 1746 apud
350 1662 635 1744 evangelistam
658 1665 846 1745 pluribus
870 1665 1007 1729 verbis
1031 1663 1092 1727 vel
1115 1667 1273 1747 integro

97 1784 217 1831 versu
241 1767 486 1850 exprimitur.
523 1767 550 1830 E
568 1785 745 1850 permagno
761 1765 887 1830 illorum
904 1765 1126 1851 exemplorum
1140 1786 1273 1832 numero

98 1887 209 1952 pauca
232 1873 264 1932 et
286 1869 481 1951 gravissima
504 1870 654 1935 afferam:
683 1870 738 1934 Le.
762 1869 863 1934 verba
886 1870 901 1932 Ι
927 1868 964 1933 15
996 1874 1055 1934 «et
1075 1869 1213 1935 ulmam
1238 1875 1275 1935 et

94 1970 270 2037 siceram
285 1991 367 2037 mom
383 1971 522 2056 bibet»,
546 1993 629 2056 quae
650 1972 693 2038 ad
709 1972 886 2038 Iohannem
901 1973 1085 2057 Baptistam
1099 1962 1272 2060 pertinent,

94 2076 326 2160 complectitur
341 2077 500 2141 Iuvencus
517 2079 532 2144 I
547 2076 585 2142 21
604 2077 726 2142 verbis:
753 2102 768 2134 «
778 2062 947 2142 scortes
970 2081 1200 2144 aetermam.
1218 2128 1224 2141 .
1242 2105 1269 2144 .›>

93 2180 189 2244 Voce
226 2185 438 2244 «aeternum»
477 2183 666 2265 exprimitur
684 2190 687 2195 ’
702 2187 831 2265 tempus
867 2179 1009 2246 futurum
1045 2181 1195 2247 «bibet».
1230 2221 1271 2229 -

92 2282 255 2348 Eiusdem
271 2283 493 2366 evangelistae
509 2285 609 2350 verba
625 2286 640 2349 I
655 2285 711 2350 60:
738 2283 964 2350 «taceatur
979 2283 1084 2350 calm
1097 2285 1272 2370 qratiam

94 2386 209 2469 apud
230 2387 364 2452 deam»
390 2386 497 2452 reddit
512 2389 672 2453 Iuvencus
687 2387 703 2451 I
720 2387 761 2450 60
777 2388 886 2453 verbis
908 2387 1099 2453 «caelesti
1120 2389 1269 2456 lassu»-

94 2528 142 2538 -
171 2491 329 2556 Matthaei
358 2492 552 2568 sententiam
575 2491 606 2554 X
632 2490 670 2554 19
701 2489 850 2556 «mo-lite
876 2491 1050 2558 solllcltc'
1079 2512 1161 2558 esse
1183 2515 1270 2576 qao-

93 2593 206 2660 modo
229 2598 301 2660 aat
321 2594 417 2678 pald
441 2593 690 2677 loquamr'mr'»
715 2592 823 2658 reddit
846 2595 1005 2661 Iuvencus
1021 2596 1054 2661 II
1075 2595 1138 2661 464
1164 2617 1269 2662 «uer-

96 2697 236 2764 horam
259 2718 392 2765 cura».

185 2819 355 2883 Maxime
385 2819 554 2884 Iuvenca
584 2825 643 2885 est
670 2821 709 2882 in
738 2818 898 2884 deIIciis
927 2818 981 2903 id,
1014 2819 1113 2903 quod
1140 2823 1179 2885 in
1208 2843 1269 2887 oo-

96 2922 253 2988 dicibus
286 2922 429 2987 latinis
462 2925 697 3007 exprImitur
726 2927 930 2990 sententia
965 2929 1160 3003 relativa,
1194 2946 1281 3010 nna,

96 3046 199 3094 voce
222 3026 403 3092 reddere:
431 3026 541 3092 Verba
566 3027 696 3088 «111ὶοὶ
722 3025 915 3108 μετάὐτοῦ
944 3027 1036 3092 Mtth.
1060 3029 1124 3093 XII
1149 3030 1191 3092 3»
1218 3051 1268 3095 oo-

98 3129 225 3195 dieibus
248 3131 281 3192 in
296 3130 405 3195 latinis
420 3134 649 3195 convertuntur
664 3150 722 3214 per
748 3135 805 3194 «et
828 3128 898 3213 pal
920 3151 1005 3196 cam
1027 3130 1101 3197 lllo
1124 3138 1266 3199 eramt»

99 3232 185 3316 quod
208 3233 367 3298 Iuvencus
389 3233 421 3297 II
445 3233 506 3298 572
530 3233 672 3317 explicat
700 3235 798 3300 verbo
823 3234 1025 3301 substantivo
1051 3236 1266 3303 «comites».

98 3335 286 3401 -Eodem
309 3335 404 3401 modo
429 3337 580 3422 exprimit
602 3338 702 3402 verba
728 3337 819 3420 «pal
843 3337 943 3405 boma
965 3344 1133 3424 eperunt
1158 3342 1205 3424 (οἱ
1228 3343 1268 3404 τὰ

100 3439 222 3521 ἀγαθὰ
246 3441 482 3526 ποιήσαντες)
508 3445 539 3505 et
564 3439 656 3522 «qmt'
678 3440 786 3506 mala
809 3447 981 3525 epermmt
1007 3440 1056 3528 (οἱ
1080 3443 1122 3506 τὰ
1145 3447 1267 3527 φαῦλα

98 3541 323 3630 πράξαντες)
356 3541 495 3629 (Ioh..V
524 3541 599 3629 29)»
630 3544 662 3609 ΙΙ
690 3543 807 3629 660)61
844 3564 903 3629 per
939 3544 1089 3611 «tosti»
1124 3547 1177 3612 vel
1208 3567 1267 3633 per

100 3646 277 3730 «prout».
306 3685 346 3694 -
376 3647 486 3713 Verba
515 3645 692 3712 «homlmc'
726 3647 796 3730 pul
822 3647 1045 3714 seminavit
1070 3648 1266 3734 (ἀνθρώπῳ

99 3750 309 3836 σπείραντι)
324 3777 338 3810 >›
374 3749 491 3834 ’(Μ1111.
533 3750 617 3814 XIII
659 3749 713 3834 24)
757 3750 865 3816 reddit
901 3752 934 3816 H
977 3753 1039 3817 795
1081 3773 1145 3818 una
1187 3774 1266 3819 voce

100 3854 339 3937 «auricula».
374 3891 417 3902 -—
451 3855 521 3920 Vox
558 3859 771 3920 «terrama»
804 3853 891 3940 ‘(Iuv.
919 3856 970 3919 III
999 3855 1075 3940 302)
1110 3859 1265 3942 interpre-

99 3963 184 4022 tatur
214 3958 315 4022 verba
350 3957 428 4022 «sed
461 3978 504 4023 ea
537 3959 594 4040 (sc.
630 3957 744 4044 sapis),
779 3979 879 4042 qaae
909 3957 1110 4025 homimum
1137 3959 1263 4045 (sunt)»

99 4059 202 4147 (11111.
226 4061 304 4127 xvi
328 4059 394 4144 23).

182 4183 230 4248 Ut
252 4189 368 4267 poeta
391 4183 597 4272 occasione
626 4182 719 4247 data
746 4183 856 4248 locos
885 4182 1076 4266 quosdam
1104 4184 1286 4250 silentio·

99 4287 326 4372 praeteriit,
350 4289 409 4350 ita
432 4285 622 4350 nonnulla
644 4285 813 4350 addidit.
852 4287 995 4352 Horum
1019 4290 1265 4355 addi-tamen·

99 4396 224 4458 torum
253 4389 315 4455 duc
345 4397 418 4455 sunt
446 4409 581 4472 genera:
619 4389 644 4452 1.
675 4409 725 4470 ea,
758 4410 842 4472 quae
871 4410 967 4456 vera
1002 4396 1075 4455 sunt
1108 4394 1264 4458 addila·
