3046 5206
837 433 876 498 10

312 605 466 693 redditur,
495 627 568 673 cum
594 607 626 671 in
656 606 729 672 aliis
752 605 918 674 codicibus
940 606 1096 674 reddatur
1118 609 1356 673 constructione
1380 608 1444 676 ab·

311 710 403 776 lativi
432 709 571 776 absoluti
601 708 862 776 «relictoue».
907 709 998 788 Quae
1018 731 1096 796 cum
1126 712 1320 776 constructio
1347 710 1446 795 apud

311 816 485 879 Iuvencum
497 815 676 898 reperiatur
687 815 732 879 IV
745 813 807 878 536
825 812 1000 898 «discipali
1008 813 1136 897 passim
1149 811 1307 880 Obristo
1320 814 1446 899 supere

311 916 492 998 relicto»,
517 937 590 983 eum
613 918 697 984 hanc
719 937 738 983 e
760 921 851 983 textu
873 917 973 983 latino
995 919 1129 1003 petiisse
1152 923 1299 1002 apparet

354 1040 529 1104 Iuvencum
558 1045 647 1105 textu
675 1040 775 1105 latino
803 1058 895 1105 usum
924 1059 996 1105 esse
1023 1040 1121 1105 etiam
1149 1059 1189 1104 ex
1214 1039 1445 1128 iisexemplis

268 1142 466 1226 intellegitur
506 1143 621 1225 quibus
661 1142 899 1209 demonstratur
932 1162 1015 1209 eum
1050 1162 1131 1208 eum
1164 1148 1275 1209 textu
1308 1143 1444 1210 latino

268 1250 546 1330 congruentem
568 1266 698 1312 vocem
721 1247 978 1330 compositam
1001 1245 1148 1312 habere
1172 1246 1313 1328 quibus
1333 1246 1445 1312 locis

267 1355 398 1416 textus
420 1368 590 1432 graecus
611 1369 748 1415 vocem
771 1350 990 1434 simplicem
1013 1349 1187 1434 praebet.

396 1472 434 1535 Iu
466 1469 575 1536 verbis
608 1469 700 1535 Mtth.
736 1470 797 1535 VII
831 1471 850 1535 6
890 1472 1028 1536 occurrit
1063 1470 1256 1536 vocabulum
1295 1469 1442 1554 simplex
1513 1473 1514 1478 ’

312 1572 550 1659 «στραφέντες»,
574 1572 660 1656 quod
683 1574 829 1640 omnibus
852 1575 885 1637 in
908 1573 1074 1640 codicibus
1100 1573 1210 1639 latinis
1237 1573 1443 1638 convertitur

310 1679 488 1762 composito
506 1677 746 1743 «conversi».
777 1676 867 1744 Idem
888 1678 1006 1762 legitur
1021 1676 1108 1762 apud
1123 1678 1191 1742 Iuv.
1210 1677 1302 1742 1667
1320 1696 1440 1742 »ιοιι-

309 1780 488 1866 versique
514 1801 589 1847 sues
610 1785 701 1848 vasto
723 1801 777 1848 vos
797 1781 935 1848 ιιιιιιιιι
961 1784 1146 1864 rumpent»,
1175 1800 1239 1864 qua
1262 1799 1302 1845 ex
1323 1799 1359 1845 re
1384 1799 1439 1846 se·
1513 1831 1514 1848 .

215 1893 225 1916 ¹
311 1886 418 1968 quitur
440 1887 613 1950 Iuvencum
637 1890 760 1950 textum
782 1885 918 1950 latinum
942 1890 1021 1950 ante·
1040 1885 1150 1950 oculos
1171 1883 1333 1950 habuIsse.

396 1988 493 2053 Varie
531 1989 564 2053 in
598 1987 763 2055 codicibus
795 1989 904 2054 latinis
936 2009 1000 2055 vox
1034 1988 1170 2073 simplex
1206 1987 1245 2049 »ἁ
1248 1985 1436 2070 perdiccam»

309 2090 416 2156 reddit
403 2097 464 2175 t,ur
487 2093 520 2156 in
543 2092 616 2158 aliis
638 2093 820 2177 composito
836 2091 1101 2178 «diripiunt,
1074 2117 1113 2152 »
1124 2093 1157 2156 in
1179 2090 1252 2156 aliis
1271 2089 1437 2156 vocabulo

311 2194 448 2279 simplici
474 2194 707 2278 <capicium
745 2196 824 2262 Cum
847 2198 1005 2262 Iuvencus
1027 2215 1153 2278 quoque
1176 2194 1298 2259 habeat
1317 2213 1436 2259 vocem

311 2299 471 2383 composit
473 2319 525 2362 am
560 2300 591 2364 II
624 2299 687 2365 540
723 2303 773 2364 «et
804 2299 888 2366 caeli
919 2319 1059 2384 requam
1090 2296 1249 2365 violentia
1286 2296 1439 2380 diripit

311 2406 438 2487 αιιοιι»,
462 2421 534 2468 eum
557 2408 680 2468 textum
702 2403 869 2468 latinum
861 2405 1042 2488 inspexisse
1064 2402 1191 2486 colligo.

353 2526 527 2590 Iuvencum
571 2522 758 2590 adhibuisse
799 2529 923 2590 textum
964 2525 1098 2591 latinum
1140 2545 1178 2590 ex
1200 2523 1266 2589 'his
1304 2541 1434 2607 quoque

267 2628 424 2713 exemplis
447 2627 570 2695 efficio.

394 2749 446 2813 Mt
452 2748 501 2816 th.
531 2748 643 2814 XXIV
670 2751 779 2814 24:
806 2749 885 2814 Iuv.
914 2749 960 2815 IV
984 2749 1105 2816 139et
1110 2677 1238 2814 ‘Mttb
1260 2748 1432 2814 xxvito

299 2881 349 2907 -==
374 2853 450 2918 Iuv.
473 2852 519 2918 IV
542 2851 615 2916 629.

394 2956 505 3021 Priore
527 2955 600 3021 loco
622 2957 781 3040 reperitur
802 2977 831 3020 v.
857 2976 881 3022 s.
907 2956 1244 3042 «ἐγερθήσονται»,
1271 2955 1357 3040 qood
1379 2957 1433 3025 bis

308 3061 342 3124 in
357 3058 523 3130 codicibus
537 3061 647 3125 latinis
663 3061 820 3144 composit
822 3079 840 3124 ο
859 3065 1141 3147 «susciperet,
1114 3087 1128 3120 »
1164 3060 1276 3126 inillis
1293 3061 1432 3145 simplici

312 3165 525 3248 «serperet»
511 3164 685 3228 >vertitur
723 3162 883 3229 Iuvencus
901 3183 972 3229 cum
988 3164 1148 3230 nonnullis
1167 3163 1333 3230 codicibus
1355 3182 1432 3230 con·
1513 3177 1514 3226 ι

309 3269 442 3333 veniens
464 3266 600 3352 praebet
625 3271 901 3352 «ιιιιιιιιιιι».
1513 3285 1514 3300 ¹

394 3372 480 3436 Loco
503 3370 550 3435 alt
537 3375 606 3436 tero
621 3375 729 3436 exstat
742 3391 771 3435 v.
789 3390 814 3436 s.
841 3369 1012 3454 «ῥίψας»,
1037 3368 1122 3453 quod
1137 3390 1248 3436 omues
1263 3369 1356 3436 codd.
1371 3370 1431 3436 lat.

308 3494 366 3558 per
391 3473 643 3558 «proicerent
630 3472 836 3540 transierunt.
874 3472 971 3558 Apud
993 3473 1062 3540 Iuv.
1078 3472 1166 3539 idem
1186 3474 1303 3558 legitur
1320 3495 1431 3558 «pro-

309 3576 409 3644 iecit
431 3582 510 3644 ιιιιιι
532 3578 696 3644 detestans
719 3581 923 3664 arpentum».

351 3703 425 3766 Vox
452 3704 582 3765 textus
609 3700 743 3782 graeci
766 3703 955 3782 composita
977 3697 1154 3764 redditur
1176 3698 1367 3764 interdum
1391 3702 1432 3765 in

265 3803 514 3868 versionibus
536 3802 674 3868 latinis
698 3809 734 3868 et
757 3824 777 3868 a
799 3803 969 3869 Iuvenca
992 3823 1077 3870 voce
1099 3806 1251 3886 simplici.

395 3921 489 4001 Quod
512 3923 671 3990 Iuvencus
693 3925 796 3991 tribus
817 3925 897 3990 loeis
920 3924 997 3990 Iob.
1022 3925 1072 3990 III
1097 3925 1136 3988 17
1160 3953 1199 3979 =
1223 3925 1290 3988 Inv.
1307 3923 1430 4009 11228,

309 4027 389 4092 Iob.
416 4028 461 4093 IV
483 4027 526 4095 38
549 4057 588 4083 =
612 4030 689 4093 Inv.
715 4028 748 4092 II
771 4029 844 4112 317,
872 4026 978 4092 Mtth.
1001 4028 1050 4092 XI
1075 4029 1115 4092 10
1138 4057 1178 4082 =
1201 4028 1277 4093 Iuv.
1301 4029 1334 4092 II
1357 4029 1429 4114 535,

309 4130 424 4213 quibus
435 4133 469 4196 in
480 4137 568 4196 textu
580 4151 699 4215 graeco
711 4133 848 4197 occurrit
858 4151 921 4196 vox
934 4132 1112 4216 composita
1126 4129 1429 4216 «doretillae»,

310 4254 382 4298 eam
405 4233 512 4300 reddit
535 4255 607 4300 cum
629 4234 831 4302 versionibus
851 4235 961 4301 latinis
976 4235 1114 4319 simplici
1129 4252 1209 4300 voce
1227 4233 1426 4300 «mittere»

309 4357 373 4402 non
409 4344 459 4404 est
495 4336 625 4404 dubium
660 4340 736 4421 quin
769 4338 831 4403 bae
864 4340 897 4403 in
929 4358 964 4405 re
997 4340 1178 4404 versionem
1211 4338 1345 4404 latinam
1380 4358 1428 4406 se·

309 4446 433 4523 quatur.
624 4535 628 4544 ι

1513 4701 1514 4750 l
