3046 5206
767 409 968 508 „IL

327 587 442 668 poetas
469 584 611 666 reperire
637 584 738 668 potui,
766 587 877 647 temen
903 583 1062 647 Iuvencus
1087 579 1150 645 hac
1177 581 1211 644 In
1233 578 1466 664 descriptione

326 687 504 751 imitatus
527 704 614 751 esee
637 685 792 769 Vergili
814 690 989 750 ratonem
1012 683 1105 749 milri
1128 681 1294 749 videtur.

371 787 450 853 Cum
481 809 579 874 supra
608 788 653 876 (p.
684 787 739 876 45)
775 781 1060 856 memoraverimus
1087 788 1261 852 Iuvencnm
1291 784 1470 852 interdum

285 891 364 958 solis
392 897 481 958 ortus
508 898 541 958 et
564 912 700 960 occasus
723 892 958 978 descriptiones
981 911 998 958 e
1021 891 1164 975 Vergilio
1187 891 1325 978 aliisque
1352 892 1472 977 poetis

280 997 439 1079 'petivisse
467 1003 499 1062 et
527 999 709 1082 exemplum
731 997 825 1086 huius
849 999 896 1062 rei
923 995 1135 1078 attulerimus,
1163 993 1290 1060 dehac
1313 1013 1353 1059 re
1379 1013 1471 1058 nune

285 1091 349 1164 non'
381 1102 446 1165 iam
481 1099 602 1186 dicem,
641 1102 832 1186 pracsertim
868 1119 940 1167 cum
973 1098 1019 1163 illi
1052 1117 1178 1182 quoque
1212 1096 1275 1164 loci
1311 1099 1385 1162 iarn
1422 1098 1466 1162 ab

284 1204 476 1269 Huemero
491 1206 640 1270 annotati
656 1207 729 1271 sint.
752 1206 803 1270 De
816 1204 942 1270 duabus
958 1201 1031 1268 aliis
1042 1221 1169 1285 quoque
1182 1200 1467 1286 descriptionibus

284 1327 392 1392 pauca
413 1308 514 1373 verba
536 1307 645 1374 fecere
667 1307 746 1373 mihi
769 1328 849 1394 opus
872 1313 932 1392 est,
956 1325 1027 1372 eum
1050 1304 1091 1370 de
1113 1305 1165 1370 his
1186 1306 1253 1370 iam
1276 1305 1332 1369 alii
1361 1304 1466 1371 locuti

285 1413 358 1476 sint.
405 1410 486 1476 Sunt
512 1411 573 1477 loci
600 1412 616 1477 I
644 1410 716 1478 243
744 1431 795 1495 sq.
823 1417 861 1477 et
887 1408 1108 1492 1125-333
1135 1427 1268 1491 quorum
1293 1409 1327 1472 in
1354 1408 1465 1472 altero

285 1513 445 1580 Iuvencus
462 1515 555 1580 Mtth.
572 1516 603 1580 ll
622 1516 642 1580 9
661 1536 751 1581 «εσσε
766 1515 863 1581 ctetta
879 1565 886 1578 .
904 1564 910 1577 .
927 1562 934 1579 .
952 1563 959 1578 .
976 1511 1187 1580 antecedebat
1199 1524 1272 1576 ecci>
1288 1525 1465 1576 'exornans

259 1637 261 1641 ·
286 1619 429 1700 sequitur
451 1618 628 1702 Vergilium
651 1619 712 1686 VII
736 1618 808 1703 512,
831 1637 965 1701 quorum
987 1618 1021 1681 in
1044 1616 1145 1682 altero
1169 1613 1355 1680 1125-33
1384 1615 1464 1680 Ver-

286 1722 397 1804 gilium
413 1722 551 1788 eundem
571 1728 701 1789 secutus
721 1722 876 1788 describit
896 1725 1124 1806 tempestatem
1143 1720 1312 1784 marinam.
1353 1717 1465 1784 Omne

287 1823 355 1890 fere
370 1826 504 1891 verbum
524 1828 557 1890 in
576 1826 638 1892 hac
658 1825 874 1910 descriptione
894 1826 976 1910 petit
998 1823 1190 1908 eVergili03
1213 1821 1368 1888 omnibus
1393 1822 1463 1888 fere

285 1927 375 2014 locis,
403 1929 519 2013 quibus
541 1930 703 2013 Vergilius
727 1929 881 1995 describit
903 1933 1128 2013 tempestatem
1151 1927 1320 2008 marinam,
1344 1926 1462 1992 utitur.

207 2107 209 2116 ,
372 2047 738 2134 c)‘Creizenachius
774 2055 867 2116 errat
893 2069 965 2116 cunr
998 2047 1076 2114 dicit
1108 2049 1142 2112 in
1174 2047 1328 2132 opusculo
1365 2046 1463 2128 „Die

286 2152 418 2236 Aeaeis,
446 2153 508 2219 die‘
525 2154 626 2220 vierte
648 2154 768 2239 Eetcye
796 2153 868 2220 aad
893 2153 946 2220 die
966 2151 1149 2219 Pharsalia
1177 2151 1222 2216 im
1245 2149 1461 2233 dscttelalter,

256 2277 263 2291 ·
285 2255 484 2342 Fraalcfart
497 2279 527 2324 a.
544 2257 591 2322 M.
612 2257 715 2343 1864,
725 2279 766 2341 ‚p
784 2257 869 2348 11“.·x
887 2255 1118 2338 „Iuvencus
1139 2254 1238 2321 wira
1256 2252 1360 2320 acab
1386 2275 1463 2320 voa

285 2359 481 2427 Petrarea
521 2360 757 2428 bewaadert.
819 2361 909 2427 Dea
944 2359 1102 2443 Spareo
1142 2356 1294 2442 Vergits
1332 2357 1461 2452 accir-

283 2462 434 2547 qebead
455 2469 557 2550 wapt
582 2485 624 2530 er
644 2464 743 2531 webt
766 2463 866 2532 aacb
888 2463 976 2530 eiae
999 2461 1152 2530 direkte
1173 2461 1462 2546 Eattebaiaa9;

285 2563 1462 2654 deaAafbticicdespateaSchdcbereeaObristcscbitdert

157 2739 158 2744 ,
286 2670 357 2737 mit
371 2671 590 2738 demeetbea
612 2671 715 2760 Vere,
737 2672 810 2750 dea
830 2666 892 2738 die
906 2669 1137 2736 Aeacievoa
1152 2669 1219 2735 der
1232 2667 1459 2753 yeraabtea

288 2772 514 2842 Cassandra
548 2775 747 2842 atraaoatf‘
804 2775 1007 2859 Quamquam
1040 2775 1214 2840 luvencnm
1249 2793 1275 2838 a
1298 2771 1459 2840 Petrarce

285 2878 412 2945 laudari
435 2899 546 2944 verum
571 2885 635 2966 est,
652 2879 775 2946 fallitur
798 2885 919 2963 auctor,
950 2897 1022 2943 cunr
1044 2878 1218 2943 Iuvencum
1240 2879 1273 2941 in
1295 2877 1458 2970 uersibus,

287 2983 403 3065 quibus
430 2981 471 3048 dc
494 2981 620 3048 duobus
641 2983 821 3048 latronibus
837 2987 996 3067 narratur,
1019 2981 1195 3064 Vergilium
1211 2977 1330 3046 imitari
1351 2987 1456 3064 putat.

287 3086 371 3153 Nam
394 3087 427 3150 in
451 3084 576 3153 duobus
598 3092 724 3152 tantum
746 3086 894 3152 versibus
916 3086 961 3152 IV
984 3082 1120 3172 bdellii:
1148 3135 1150 3139 .
1256 3115 1261 3132 ·›
1506 3063 1507 3126 b

391 3204 482 3273 «Nec
503 3206 615 3273 micas
636 3205 842 3291 increpitant
864 3207 980 3272 dextra
1005 3206 1343 3298 laevaqaegemeaiee
1409 3235 1411 3240 ·

417 3308 533 3393 Adfiai
555 3310 707 3377 accidas
729 3310 886 3377 eceteram
902 3331 965 3394 pro
987 3313 1072 3375 sorte
1096 3308 1262 3376 laubaca»

287 3432 446 3496 Iuvencus
468 3433 663 3515 poenitentis
685 3431 827 3505 latronis⁴
842 3451 906 3496 non
929 3431 1033 3514 magis
1052 3429 1131 3498 tacit
1146 3432 1340 3495 mentionem
1356 3449 1454 3512 quam

286 3535 379 3599 Mtth.
402 3533 529 3600 XXVII
552 3535 608 3600 tl:
635 3532 705 3600 «la
725 3534 833 3618 ipsam
856 3538 966 3600 actem
989 3537 1020 3598 et
1043 3534 1196 3614 tatroaes,
1222 3533 1279 3618 qai
1302 3532 1454 3614 crucifici

287 3641 386 3704 aaut
414 3658 487 3703 cam
516 3659 560 3719 ec,
589 3637 858 3721 improperabaat
883 3636 947 3702 ei».
998 3636 1064 3702 Sed
1098 3640 1125 3702 si
1152 3635 1288 3702 Seduli
1322 3655 1451 3702 carmen

286 3740 442 3826 paschale
467 3742 654 3824 evoIVImuS,
678 3741 815 3824 legimus
838 3742 866 3807 V
889 3740 951 3806 217
976 3749 1038 3824 sqt:
1249 3745 1252 3752 “
1351 3751 1383 3757 ·’

295 3861 433 3948 ¹«Alter
456 3862 592 3931 admoto
608 3883 670 3946 per
692 3861 793 3928 cerba
809 3861 989 3946 precantia
1013 3858 1143 3926 Obrictc
1359 3925 1362 3932 .

295 3969 298 3978 ⁴
340 3963 466 4032 Saucia
488 3964 629 4032 deiectas
650 3965 798 4047 flectebat
821 3964 991 4047 iamiaa,
1017 3968 1149 4031 tautam
1351 3955 1353 3964 ’

261 4113 263 4118 ,
340 4067 534 4149 Lamiae,
557 4089 647 4136 aum
668 4068 818 4162 gentious
841 4068 1036 4135 arcebant
1056 4068 1198 4146 actaea
1215 4056 1408 4150 patruae»,

288 4209 371 4272 quae
394 4189 495 4255 verba
517 4209 616 4274 prope
640 4189 682 4255 ad
703 4169 836 4277 verbum
848 4194 1031 4281 congruunt
1047 4209 1118 4254 cunr
1133 4171 1278 4278 Vergilio
1291 4187 1447 4275 Vidisti:

334 4310 417 4392 «Aa,
433 4311 559 4386 caetum
577 4311 722 4390 ,teadeae‘
741 4311 896 4384 ardentia
920 4309 1075 4383 lamina
1095 4309 1242 4394 frastra,
1283 4351 1289 4380 ,-
1313 4367 1319 4378 .
1346 4366 1351 4375 .
1376 4367 1380 4376 .

360 4413 550 4498 Lamiae,
573 4434 662 4480 acm
686 4401 815 4490 tenerae
838 4413 1035 4480 arcebaat
1055 4412 1192 4478 aiacala
1209 4412 1398 4494 palmas».
