3046 5206
658 417 694 482 ll

220 589 291 654 Vox
326 589 505 672 composita
542 585 762 672 «ἰπιζητεῖ»
797 588 889 654 Mtth.
923 589 988 654 XII
1022 589 1065 657 39
1097 591 1256 656 Iuvencus

122 691 244 757 11695
268 693 463 759 conveniens
486 712 557 758 cum
581 693 729 758 omnibus
753 690 919 758 codicibus
941 692 1050 758 latinis
1071 713 1101 758 v.
1119 693 1256 778 simplici

126 819 144 855 ‹
158 795 363 881 quaerit»,
391 815 431 860 ex
459 815 522 879 quo
550 815 709 862 consensu
732 795 898 861 conficitur
920 801 954 861 ut
976 797 1136 865 Iuvencus
1158 799 1256 864 etiam

122 899 286 967 hocloco
309 904 434 964 textum
457 898 591 964 latinum
615 905 778 982 sequatur.
925 985 929 994 ¹

173 1004 326 1087 Denique
349 1003 446 1068 liceat
469 1002 546 1068 mibi
570 1001 633 1068 duo
656 1003 807 1087 exempla
828 1003 957 1087 afferre,
981 1023 1021 1068 ex
1044 1004 1160 1086 quibus
1184 1023 1257 1068 mea

76 1106 219 1191 quidem
242 1109 404 1173 sententia
418 1107 502 1174 benc
518 1106 715 1190 intellegitur
730 1108 938 1172 Iuvencum
954 1126 1027 1172 uuo
1043 1105 1257 1189 eodemque

75 1211 172 1277 loco
193 1215 342 1275 textum
363 1215 400 1275 et
419 1230 598 1293 graecum
615 1216 651 1276 et
666 1212 828 1276 latinum
844 1212 1004 1276 iunctim
1020 1213 1256 1296 inspexisse.

219 1314 328 1379 Verba
345 1313 438 1378 Mtth.
461 1313 510 1377 XI
525 1313 566 1379 25
591 1314 860 1396 «ἐξομολογοῦμαί
872 1337 919 1376 σοι
936 1362 944 1379 .
962 1366 968 1377 .
986 1362 994 1379 .
1011 1365 1029 1399 .‚
1053 1313 1098 1376 ὅτι
1121 1309 1255 1398 ἔκρυψας

128 1421 227 1480 ταῦτα
244 1418 302 1480 dub
319 1423 423 1500 σοφῶν
439 1467 446 1480 .
464 1470 472 1484 .
489 1468 496 1483 .
512 1464 520 1480 .
536 1418 587 1480 rai
604 1417 803 1500 ἀπεκάλυψας
824 1415 901 1482 αὐτὰ
917 1417 1090 1500 spirinse»
1109 1417 1257 1483 omuibus

127 1523 163 1585 in
192 1521 395 1587 versionibus
421 1521 531 1586 latinis
562 1518 734 1602 «confitear
762 1519 823 1586 tibi
851 1570 857 1585 .
882 1571 889 1586 .
914 1571 921 1586 .
948 1570 966 1602 .,
995 1520 1075 1606 quia
1103 1521 1257 1588 revelasti

128 1643 170 1690 eo
188 1623 415 1708 porculis»,
439 1644 459 1689 a
481 1626 622 1690 Iuvenco
644 1623 678 1688 ΙΙ
701 1623 765 1688 548
788 1643 851 1707 sq.:

200 1747 310 1794 «crum
348 1726 409 1793 tr'dr‘
446 1726 598 1810 confiteor
629 1777 635 1792 .
668 1779 674 1793 .
704 1777 711 1791 .
742 1777 748 1789 .
784 1727 854 1792 550
893 1727 1015 1795 Oelostc'
1047 1748 1140 1794 curro
1173 1728 1258 1812 quod

217 1831 425 1915 sapientibus
446 1829 512 1897 istc
534 1829 683 1914 superbis
705 1828 953 1915 Porvclupue
975 1832 1186 1917 infarctum
1207 1831 1257 1897 cr's

220 1934 299 2002 haee
321 1935 540 2020 conprendere
561 1935 715 2017 corda»,
1255 2003 1257 2007 ,

128 2037 319 2106 redduntur.
371 2039 459 2106 Satis
488 2058 647 2126 apparere
678 2043 755 2123 puto
782 2038 914 2104 iuvenci
942 2039 1256 2105 circumlocutionem

129 2144 190 2208 niti
213 2145 246 2208 in
268 2148 359 2208 textu
383 2148 415 2208 et
429 2163 549 2226 graeco
565 2148 598 2208 et
613 2143 722 2208 latino.
768 2142 852 2209 Nam
868 2162 941 2208 cum
955 2159 1019 2208 vox
1036 2143 1254 2226 «porculo»

131 2266 150 2312 e
169 2251 262 2312 textu
277 2247 378 2313 latino
393 2248 496 2332 petita
512 2267 585 2314 esse
600 2246 678 2311 mibi
692 2244 852 2330 videatur,
871 2264 983 2311 vocem
1002 2245 1253 2331 «infarctum»

132 2351 282 2415 existimo
295 2355 479 2414 accuratam
491 2369 563 2416 esse
576 2349 820 2415 translationem
829 2350 920 2416 verbi
930 2352 1040 2433 graeci
1054 2351 1217 2434 «νηπίοις
1228 2377 1254 2414 ο.

217 2454 449 2538 Argumentum
472 2452 610 2521 alterum
633 2452 771 2518 fortasse
792 2452 885 2516 Mtth.
900 2451 1011 2519 XXIV
1027 2453 1067 2517 22
1086 2454 1155 2516 «καὶ
1172 2453 1199 2515 si
1214 2455 1255 2538 μὴ

133 2558 424 2642 ἐκολοβώθησαν
441 2608 448 2623 .
465 2606 470 2619 .
490 2607 496 2620 ,
516 2583 542 2623 ,ο
567 2554 686 2622 adduci
708 2561 827 2641 potest,
850 2576 913 2639 quo
936 2562 1043 2623 exstat
1065 2556 1257 2622 vocabulum

135 2661 367 2748 «κολοβοόν»
385 2662 514 2746 proprie
531 2659 717 2744 significans
736 2659 1026 2726 «detruncare»
1044 2660 1095 2726 vel
1114 2660 1256 2726 ‹muti-

135 2765 252 2850 lare»,
269 2764 356 2848 quod
370 2767 403 2828 in
419 2763 585 2830 codicibus
601 2764 711 2828 latinis
725 2762 921 2829 transfertur
935 2784 995 2850 per
1009 2763 1256 2849 «breuiore»,

133 2868 217 2952 quod
252 2867 294 2933 ad
328 2887 457 2935 sensum
491 2873 541 2934 est
569 2871 701 2932 rectum.
748 2865 841 2944 Quod
874 2857 1033 2934 Iuvencus
1064 2867 1125 2933 hoc
1158 2888 1256 2933 unum

133 2972 322 3038 vocabulum
350 2973 502 3057 exprimit
530 2967 656 3036 duobus
686 2969 937 3053 «decerpere»
967 2976 1000 3036 et
1025 2969 1253 3038 »breviores

133 3076 177 3142 IV
202 3076 263 3142 134
286 3094 349 3158 sq.:

219 3183 270 3245 «et
290 3179 330 3245 rrr'
352 3177 504 3245 scdlr'mr's
523 3177 653 3263 peritior
676 3178 886 3260 decerpere
908 3181 1033 3261 tempus

237 3287 270 3350 et
289 3303 465 3350 numerum
487 3281 650 3348 miserorcs
671 3281 768 3347 vellet
790 3280 975 3347 breviore
997 3280 1155 3368 dimum»,

134 3386 261 3452 dubium
295 3407 359 3453 non
393 3392 442 3452 est
476 3387 551 3468 quin
584 3405 642 3470 per
678 3385 929 3468 «decerpere»
967 3383 1064 3450 ducat
1098 3388 1256 3450 rationem

134 3490 220 3557 verbi
242 3492 353 3574 graeci
384 3491 634 3576 «κολοβοῦν»,
662 3491 739 3572 quin
770 3487 1002 3576 «irreptare»
1033 3494 1125 3574 petat
1146 3510 1164 3555 e
1187 3509 1256 3554 ver-

135 3596 220 3660 sione
242 3594 355 3660 latina.
847 3639 854 3652 .

173 3699 265 3765 Nunc
292 3695 434 3763 breviter
457 3695 707 3780 complectemur
729 3697 816 3780 quod
838 3717 879 3762 ex
901 3699 942 3763 iis
965 3717 1048 3780 quae
1072 3696 1159 3763 dicta
1182 3701 1257 3763 sunt

95 3803 236 3884 sequitur.
287 3805 334 3870 ut
360 3804 399 3866 in
428 3803 588 3867 iuvenci
617 3820 686 3867 usu
714 3804 793 3868 init
819 3806 957 3868 textus
985 3821 1169 3885 graecus,
1200 3805 1257 3867 ita

94 3910 235 3971 textum
264 3908 431 3971 latinum
455 3908 655 3970 adhibuit.
700 3907 800 3980 Quin
828 3909 946 3971 etiam
975 3909 1161 3988 exempla
1188 3908 1255 3970 de·

95 4013 312 4076 monstrare
342 4011 437 4073 milri
465 4010 656 4074 videntur
685 4028 768 4074 enm
796 4013 947 4075 textum
981 4013 1150 4075 latinum
1179 4028 1254 4075 non

96 4115 201 4179 modo
233 4129 309 4179 non
338 4114 624 4193 anteposuisse
653 4131 819 4194 graeco,
854 4117 925 4179 sed
957 4116 1075 4179 etiam
1105 4116 1255 4179 iecisse

97 4219 274 4282 carminis
303 4218 617 4291 fundamentum,
652 4235 735 4281 cum
769 4219 905 4283 textus
939 4235 1105 4300 graecus
1139 4236 1255 4283 occa·

98 4323 199 4387 sicne
237 4323 334 4385 data
372 4324 420 4386 ab
463 4338 509 4386 eo
547 4323 798 4386 adhibeatur.
858 4318 1062 4405 Quapropter
1098 4319 1256 4387 Iuvencus

102 4443 212 4490 summa
241 4421 338 4488 laude
367 4422 484 4506 dignus
507 4429 566 4509 est,
595 4426 785 4507 praesertim
809 4443 881 4488 cum
903 4421 978 4488 iude
1002 4443 1022 4488 a
1044 4423 1174 4490 saeculo
1196 4426 1255 4492 ΙΙΙ.
