3046 5206
652 437 693 505 63

120 611 254 694 poetice
291 609 483 695 amplificat,
521 607 607 691 quod
644 608 723 674 dicit
759 608 850 674 Mtth.
889 609 970 674 XIX
1010 610 1024 672 l
1065 609 1252 692 simpliciter

126 738 157 777 «.
183 761 191 776 .
215 763 222 775 .
247 761 254 777 .
280 710 458 779 transtulit
482 732 515 777 se
544 711 804 808 adalilaeaet
828 711 921 778 uenit
940 712 979 778 in
1000 711 1084 794 fines
1106 710 1253 778 Iudaeae

124 821 225 882 tram
247 816 449 883 Iordanem»
476 815 761 901 amplificationem
783 822 881 901 poeta
899 815 1017 883 fecisse
1033 815 1110 880 mihi
1125 814 1253 880 videtur

122 926 258 985 secutus
283 919 405 986 similes
427 919 550 1003 Vergili
574 918 820 1005 descriptiones.
865 920 1020 987 Fortasse
1043 924 1119 984 ente
1143 918 1253 985 oculos

123 1023 276 1089 habebet-
293 1022 354 1090 hos
376 1023 499 1107 Vergili
521 1024 610 1090 locos
633 1025 666 1090 II
688 1021 824 1107 781s82:

192 1143 258 1210 «Et
280 1147 404 1210 terram
426 1143 624 1227 Hesperiam
645 1143 770 1226 uenies·
789 1143 847 1210 ubi
869 1143 1000 1230 Insdius
1022 1163 1105 1212 arva

213 1247 311 1314 Inter
332 1246 441 1330 opima
461 1247 572 1314 uirum
596 1247 663 1314 leni
684 1247 764 1329 ituit
785 1247 940 1333 apmine
963 1245 1132 1333 prbris»

124 1375 159 1435 et
185 1369 264 1434 VIII
287 1370 328 1435 63
351 1390 416 1453 sq.:

192 1515 223 1555 «.
247 1542 254 1555 .
280 1540 287 1556 .
314 1541 319 1554 .
344 1512 399 1576 epo
421 1510 504 1575 sum,
522 1491 622 1574 pleae
645 1511 739 1574 quem
760 1489 899 1572 flumine
921 1489 1029 1556 cernis

213 1593 437 1679 Strinpcntem
458 1593 553 1677 ripas
575 1599 607 1661 et
621 1594 800 1681 pinguia
821 1595 913 1661 culta
935 1597 1096 1660 secantem
1280 1651 1282 1656 ,

215 1695 396 1765 Caeruleus
420 1696 567 1783 prbris
582 1749 596 1780 ,.
622 1749 628 1762 .
654 1750 661 1763 .
685 1725 712 1762 ,s
1233 1705 1235 1709 ·

125 1825 159 1885 et
184 1820 245 1885 VII
268 1818 324 1886 3οι
350 1845 376 1882 r.
395 1869 401 1884 .
421 1871 426 1882 .
446 1869 451 1883 .
469 1818 558 1886 bunc
580 1819 670 1886 inter
690 1819 792 1900 deicio
809 1818 988 1886 Tiberinas
1003 1838 1195 1886 amoeno».
1211 1859 1254 1870 —

125 1925 260 1989 quenci
288 1942 402 1989 versus
430 1923 474 1988 IV
505 1922 567 1988 513
601 1925 727 1988 initium
759 1922 885 1990 «Pars
911 1922 1072 1990 strictis
1097 1921 1255 2007 pladiis

119 2046 255 2110 pars.
280 2077 287 2091 .
312 2077 318 2090 .
344 2053 371 2090 .»
397 2033 447 2093 est
475 2026 597 2092 factum
620 2047 660 2092 ex
684 2029 864 2094 imitatione
886 2027 1075 2111 Vergiliana
1102 2026 1168 2092 ΧΙΙ
1190 2025 1254 2092 278

126 2127 257 2197 «Pars
275 2130 437 2216 pladios
458 2130 672 2216 strinpunt
693 2129 857 2215 manibus,
877 2152 976 2215 pars
999 2179 1006 2198 .
1032 2181 1038 2194 .
1063 2180 1069 2194 .
1095 2156 1122 2195 ,s

171 2252 411 2336 Ubicumque
432 2252 684 2350 evangelista
703 2258 878 2350 tempora
901 2251 1037 2336 refert,
1059 2253 1254 2320 Iuvencus
1279 2292 1287 2306 ·

70 2355 282 2422 describit
324 2376 371 2422 ee
415 2358 499 2421 sive
541 2355 734 2422 adhibitis
776 2357 1117 2424 enuntiationibus
1143 2356 1253 2430 Ver-

68 2459 249 2545 gilianis
271 2460 354 2525 sive
377 2458 557 2524 adhibita
579 2460 733 2543 Vergili
755 2463 925 2526 ratione:

186 2581 268 2650 ‚Le
303 2580 404 2645 verba
436 2581 452 2646 Ι
487 2579 528 2644 24
569 2580 720 2647 «celabat
750 2601 784 2647 se
815 2580 1016 2648 mensibus
1049 2581 1250 2664 quinque»

125 2681 236 2749 reddit
262 2684 330 2749 Iuv.
359 2685 375 2749 Ι
403 2683 442 2750 51
481 2682 620 2750 «Donec
647 2684 823 2768 quinque
849 2705 983 2751 cacam
1014 2685 1255 2769 complerent
1385 2753 1386 2758 ,

127 2785 286 2854 lumina
312 2787 481 2853 lunam».
526 2786 607 2864 Quis
629 2794 680 2854 est
701 2791 778 2870 quin
802 2790 910 2854 stetim
937 2790 1118 2854 meminerit
1140 2809 1253 2855 versus

124 2889 306 2972 Vergiliani
323 2893 371 2956 ΙΙΙ
386 2891 449 2956 645
475 2915 489 2949 <<
500 2888 639 2958 Tertia
653 2891 734 2962 iam
751 2893 870 2960 lunae
885 2912 922 2958 se
937 2911 1088 2958 cornua
1105 2892 1254 2959 lumine

82 3059 87 3065 .
125 2993 359 3076 complent».
376 3031 418 3041 -
434 2994 538 3061 Simili
550 2992 645 3063 modo
659 2997 805 3060 circumit
816 2996 883 3060 Iuv.
896 2996 941 3062 IV
950 2995 1015 3061 376
1032 2995 1253 3076 «Quattuor

126 3115 171 3163 en
187 3097 297 3164 luces
313 3096 547 3182 totidemque
562 3117 602 3164 ea
619 3097 735 3165 ordine
748 3103 879 3166 noctes
899 3099 903 3185 Ι
922 3099 1146 3166 Pudetereunt
1160 3149 1167 3163 .
1181 3149 1187 3162 .
1202 3125 1254 3165 ..s

125 3220 241 3266 vocem
266 3200 579 3285 «quatriduum»
607 3200 690 3287 (Ich.
713 3202 762 3269 XI
785 3203 840 3288 39)
871 3205 939 3269 sine
967 3202 1065 3268 dubio
1093 3202 1252 3269 adhibens

125 3303 305 3386 Vergilium
322 3305 463 3386 111203:
489 3304 607 3372 «Tris
624 3305 703 3372 adeo
718 3354 726 3371 .
744 3357 751 3373 .
769 3357 774 3370 .
794 3307 915 3374 ‚soles
934 3307 939 3392 Ι
958 3306 1125 3373 Erramus
1134 3307 1252 3392 pelago

127 3406 288 3473 totidem
320 3407 393 3474 sinc
420 3407 526 3475 sidere
553 3413 720 3484 noctes».
776 3411 839 3477 Pro
871 3410 966 3477 «sinc
993 3410 1123 3477 sidere»
1153 3410 1252 3476 habet

124 3509 286 3577 Iuvencus
310 3531 373 3576 rea
395 3509 545 3596 ordine»,
568 3511 654 3596 qnod
677 3515 869 3599 saepissime
892 3516 1031 3580 occurrit
1053 3513 1140 3599 opud
1155 3515 1252 3597 Verg.

126 3614 160 3678 in
183 3612 297 3680 eodem
318 3634 431 3681 versus
450 3613 534 3701 pede
555 3636 617 3699 quo
638 3615 726 3700 apud
742 3617 826 3702 lun,
849 3619 948 3683 veluti
963 3619 991 3683 V
1007 3617 1080 3703 773,
1101 3601 1252 3701 1711139,

127 3713 166 3782 d.
183 3717 228 3782 IV
244 3718 317 3802 507,
340 3738 403 3801 qno
418 3719 535 3802 legitur
551 3739 663 3785 versus
679 3722 792 3787 exiens
817 3743 885 3787 «en
906 3719 1046 3787 ordine
1067 3740 1252 3806 meuses»,

127 3838 224 3903 quem
238 3821 311 3886 Jnv.
328 3842 456 3905 quoqne
475 3822 575 3888 habet
590 3825 606 3889 1
624 3824 693 3889 103.
732 3824 848 3891 Verbis
866 3846 931 3891 ceu
944 3823 1082 3890 ordines
1101 3825 1252 3909 exprimit

127 3924 197 3989 Inv.
213 3922 364 4008 quattuor
387 3923 457 3991 dies
477 3928 628 4010 excipere
650 3927 747 3992 elium
771 3927 879 3993 alium.
902 3944 944 3974 -·-
967 3929 1035 3992 Iuv.
1051 3927 1100 3992 ΙΙΙ
1117 3923 1250 4010 316l17:

130 4051 161 4090 «-
192 4075 200 4092 .
229 4077 237 4093 .
266 4077 272 4090 .
296 4046 442 4112 passus
471 4027 528 4095 bis
558 4033 674 4097 terna
703 4017 831 4096 dierum
850 4032 854 4114 Ι
874 4029 1045 4097 Lumina
1071 4049 1252 4096 conuerso

129 4131 410 4199 transcurrere
437 4133 567 4200 caela»
597 4132 737 4200 reddunt
758 4135 851 4200 Mtth.
874 4134 970 4201 XVII
995 4137 1009 4200 l
1038 4137 1147 4217 «post
1169 4132 1252 4199 dies

126 4253 216 4300 sens
239 4242 272 4300 et
287 4237 383 4301 simili
395 4236 494 4303 modo
509 4238 577 4303 Iuv.
595 4238 623 4303 V
639 4239 701 4302 735
725 4258 833 4304 rcum
853 4238 962 4305 trino
981 4237 1078 4305 solis
1093 4236 1252 4321 pariter

130 4385 137 4402 .
163 4387 169 4401 .
194 4387 201 4400 .
225 4385 233 4403 .
256 4359 447 4407 recursu»
473 4338 580 4405 reddit
601 4340 694 4407 Mtth.
720 4346 827 4426 «post
850 4346 929 4408 tres
952 4342 1056 4408 dies»
1081 4327 1176 4406 XVII
1199 4341 1251 4407 64.

128 4441 265 4507 Etiamsi
294 4443 415 4510 similes
443 4443 531 4509 locos
557 4463 662 4528 neque
693 4442 780 4528 apud
803 4444 900 4529 Verg.
922 4464 1028 4528 neque
1055 4443 1143 4530 apud
1170 4445 1251 4510 alios
