3046 5206
638 448 680 514 85

161 620 236 685 VII.
260 619 638 703 Induobusverbis‚
654 640 752 703 quae
768 622 1063 687 versusexitum
1079 621 1247 718 laniunt,

113 723 257 790 adhibet
280 724 439 789 Iuvencus
455 723 703 790 alliterationem
720 724 781 790 177
799 738 849 810 ><,
872 725 1034 808 Vergilius
1053 726 1086 789 in
1102 721 1247 791 Aeneide

112 827 183 893 740
202 839 252 899 ><.
297 829 386 892 Inter
409 833 562 895 oentenos
578 828 701 911 Vergili
722 849 836 895 versus
858 831 1062 894 inveniuntur
1078 830 1141 914 7,5,
1163 831 1247 895 inter
1352 883 1355 888 .
1439 841 1442 847 ’

112 929 257 996 totidem
278 932 411 996 Iuvenoi
434 932 496 1016 5,5.
540 934 700 999 Iuvencus
722 952 799 1016 ergo
821 932 884 998 hae
905 935 939 997 in
966 953 1001 998 re
1030 953 1157 1017 quoque
1180 955 1246 999 mo·

114 1033 246 1100 destior
268 1040 318 1100 est
339 1034 491 1118 Vergilio.

163 1156 187 1220 t.
214 1157 264 1221 Ex
292 1156 450 1240 omnibus,
480 1155 520 1223 de
547 1157 664 1239 quibus
690 1148 723 1221 in
751 1162 897 1222 extrema
923 1164 1016 1242 parte
1045 1156 1085 1223 de
1114 1158 1246 1224 Iuvenei

64 1281 198 1346 genere
210 1259 340 1328 dicendi
353 1279 449 1345 quem
460 1263 623 1345 potuimus
641 1260 887 1345 diligentissime
904 1261 1149 1348 disputavimus,
1165 1264 1246 1328 satis

65 1369 215 1450 apparet
237 1366 412 1429 Iuvenoum
428 1364 550 1447 Vergili
573 1363 745 1431 dictionem
765 1365 932 1448 eleganter
954 1371 987 1431 et
1007 1364 1153 1431 modeste
1176 1367 1246 1430 imi-

64 1474 179 1533 tatum
193 1487 275 1534 esse.
298 1466 419 1545 Quodsi
432 1469 572 1533 Iuvenoo
585 1487 763 1551 cognomen
778 1493 792 1526 i<
809 1467 985 1553 Vergilio
996 1468 1242 1536 christianos

68 1572 191 1637 datum
207 1577 256 1636 est
265 1573 300 1655 ¹),
314 1577 349 1635 ut
363 1577 484 1656 poeta
497 1570 558 1638 hoo
574 1571 694 1637 honore
710 1593 774 1638 non
791 1572 908 1656 dignus
923 1579 982 1655 est,
1003 1581 1037 1637 ut
1053 1573 1245 1639 diotionis

68 1673 225 1740 artilex
248 1674 335 1739 haud
358 1675 510 1759 indignus
532 1674 670 1759 ridetur,
693 1678 885 1762 praesertim
900 1695 973 1742 oum
988 1678 1122 1752 Invenoi
1135 1683 1244 1743 aetate

69 1784 165 1844 artes
189 1784 221 1843 et
245 1777 353 1846 studia
375 1779 554 1844 litterarum
576 1779 728 1863 neglecte
750 1783 904 1845 iaoerent.

164 2052 185 2120 1)
197 2050 226 2104 in
239 2050 537 2119 ‹Enoch-Girumu,
552 2051 669 2122 Aliqum.
682 2053 895 2124 Eoryklopiidie
909 2054 959 2110 der
974 2054 1243 2125 wissenschaften»,

71 2137 168 2193 sectio
189 2137 278 2192 ultera
297 2138 390 2208 H—N,
408 2154 475 2208 pars
494 2137 590 2194 XXIX
608 2156 636 2210 p.
657 2143 708 2200 235
727 2157 767 2210 sq.
