3046 5206
830 379 872 448 58

265 571 345 620 suas
385 556 487 618 textu.
543 551 718 619 Numerum
756 550 975 636 exemplorum
1008 550 1291 636 Hattieldinsl)
1338 554 1455 618 auxit.

265 654 333 722 Sed
355 654 493 740 plurima
515 657 674 722 Iuvencus
696 654 796 722 debet
814 654 968 738 Vergilio,
993 653 1197 738 ‹pmampem
1219 654 1456 722 carminum»

266 779 361 842 quem
391 756 469 824 dicit
494 759 637 825 Velleius
665 759 865 825 Paterculns.
910 763 1104 826 iuvencus
1130 763 1316 827 imitatur
1348 763 1461 826 Ver·

266 866 403 947 gilium
427 865 580 944 duplici
596 867 774 940 taurona
798 866 929 930 altera
946 866 1104 945 spectat
1119 866 1166 930 ad
1182 883 1279 940 rem,
1303 867 1463 930 altera
1514 861 1515 930 3

266 970 314 1033 ad
336 970 516 1035 turmam.
554 967 684 1032 Minime
707 969 851 1050 sequitur
873 967 1033 1032 Iuvencus
1054 967 1088 1030 in
1109 967 1291 1032 imitatione
1305 965 1359 1032 ad
1375 987 1463 1032 rem

265 1071 438 1155 pertinenti
467 1077 573 1138 certas
601 1070 701 1153 leges.
752 1070 954 1152 Ubicumque
982 1075 1100 1154 potest,
1129 1071 1226 1134 sumit
1248 1089 1266 1136 e
1289 1070 1462 1154 Vergilio

264 1175 336 1258 ipso
365 1175 604 1240 enuntiationes
630 1193 736 1256 neque
762 1171 947 1239 considerat
975 1178 1081 1237 utrum
1109 1177 1206 1258 aptae
1234 1174 1298 1239 sint
1321 1193 1461 1257 necne,

265 1295 350 1359 quae
378 1296 478 1362 saepe
506 1279 535 1342 ei
564 1276 812 1343 commutandae
840 1281 923 1360 sunt,
954 1276 1069 1359 quibns
1096 1276 1200 1360 possit
1222 1277 1279 1341 uti.
1328 1276 1460 1362 Saepe

265 1379 392 1446 conficit
415 1400 527 1446 versus
550 1401 590 1446 ex
613 1400 764 1446 versuum
778 1380 1036 1464 Vergilianorum
1051 1380 1214 1464 partibus3
1237 1399 1344 1464 saepe
1364 1379 1461 1447 tacit

265 1487 473 1570 incipientem
495 1495 623 1550 versum
647 1505 668 1550 a
688 1503 802 1550 versus
825 1484 1002 1566 Vergiliani
1025 1484 1127 1567 initio,
1157 1503 1254 1568 saepe
1280 1503 1458 1550 versuum

264 1587 362 1654 finem
378 1593 607 1672 congruentem
622 1608 694 1654 cum
707 1607 857 1653 versuum
869 1586 1124 1670 Vergilianorum
1141 1585 1212 1653 fine.
1241 1574 1459 1671 Reperimus

266 1692 501 1778 descriptiones
527 1712 611 1775 quae
639 1690 682 1757 ad
711 1692 833 1775 Vergili
862 1689 1098 1775 descriptiones
1128 1709 1228 1776 prope
1256 1689 1458 1778 accedunt,

267 1795 325 1863 sed
348 1816 442 1862 rarae
466 1802 550 1880 sunt,
579 1795 665 1880 quod
694 1797 808 1860 mirum
834 1813 898 1860 non
926 1800 985 1880 est,
1013 1813 1084 1860 cum
1107 1795 1243 1859 materia
1264 1795 1458 1878 utriusque

266 1901 419 1966 carminis
442 1899 656 1966 dissimillima
680 1901 730 1966 sit.
768 1899 851 1966 Nam
873 1898 1036 1982 Vergilius
1058 1899 1197 1964 materia
1218 1916 1276 1964 sua
1298 1897 1458 1965 liberius

266 2007 311 2070 uti
340 2006 459 2089 potuit3
486 2006 654 2088 Iuvencus,
682 2004 853 2068 materiam
880 2002 1013 2068 liberius
1041 2007 1073 2067 et
1100 2003 1205 2086 magis
1226 2002 1364 2086 poetice
1393 2023 1457 2068 ex·
1514 1991 1515 1998 '

266 2129 380 2174 ornare
402 2107 467 2173 fide
490 2128 529 2174 ac
552 2108 707 2192 religione
729 2105 911 2192 prohibitus
933 2111 992 2171 est.
1037 2107 1151 2189 Itaque
1179 2124 1342 2171 summam
1372 2106 1455 2172 dili-

265 2214 408 2297 gentiam
431 2213 539 2297 posuit
561 2213 594 2275 in
617 2210 763 2276 ornando
786 2211 928 2276 carmine
952 2228 1018 2275 sno.
1063 2209 1169 2293 Atque
1197 2209 1258 2275 hac
1286 2209 1317 2272 in
1350 2230 1394 2276 re
1420 2214 1456 2276 ei

265 2318 350 2381 viam
374 2317 566 2382 monstravit
588 2314 760 2398 Vergilius,
788 2315 842 2397 qui
869 2311 1007 2397 perfecit
1028 2312 1117 2377 illam
1139 2311 1323 2398 dictionem,
1356 2335 1456 2398 qnae

266 2439 306 2486 cx
329 2418 384 2484 illo
407 2424 551 2502 tempore
573 2419 606 2484 in
630 2437 777 2484 sermone
799 2417 927 2502 poetico
949 2416 1091 2500 vigebat.
1135 2503 1137 2508 ,

352 2539 382 2606 2.
423 2538 516 2606 Nunc
554 2539 596 2605 ad
633 2544 793 2625 singula
829 2537 1114 2623 transgrediamur.
1174 2537 1314 2602 Primum
1368 2561 1455 2607 con-

266 2644 445 2710 sideremus
466 2645 589 2728 Vergili
611 2645 809 2710 imitationes
833 2662 916 2726 quae
940 2641 1072 2707 adrem
1095 2642 1266 2726 pertinent.

352 2762 386 2849 a)
399 2764 943 2848 IuvencussumiteVergilio
956 2767 1273 2840 enuntiationes,
1290 2763 1455 2846 quibus

266 2868 459 2954 exprimat
492 2866 553 2933 vel
588 2869 766 2952 singulas
799 2869 904 2933 sacri
938 2873 1069 2932 textus
1101 2886 1217 2933 voces
1243 2865 1304 2932 vel
1333 2888 1453 2951 quae

266 2975 300 3038 ei
334 2975 451 3038 nimis
485 2971 669 3055 volgares
702 2970 934 3036 viderentur
967 2989 1062 3036 esse.
1094 3007 1135 3017 —
1164 2970 1246 3036 Utar
1274 2976 1454 3059 exemplis

265 3084 420 3161 quantum
442 3075 572 3160 quidem
594 3076 664 3141 fieri
687 3081 796 3161 potest
818 3096 838 3140 a
860 3095 911 3140 me
934 3076 1083 3141 inventis.
1173 3153 1177 3164 ¹

394 3197 511 3264 Statim
541 3198 556 3261 I
584 3201 604 3260 3
638 3201 711 3262 sunt
743 3197 844 3262 verba
881 3221 908 3261 «.
933 3247 940 3262 .
965 3245 971 3258 .
998 3247 1003 3259 .
1032 3194 1097 3261 cai
1126 3195 1308 3278 templum
1335 3219 1453 3267 cura

310 3300 441 3368 locri»
473 3300 570 3365 ducta
596 3319 614 3364 e
641 3298 817 3385 Vergilic2)
850 3300 912 3365 VII
940 3299 1003 3364 443
1013 3299 1038 3384 3)
1077 3319 1197 3366 «cara
1232 3298 1292 3365 tibi
1326 3301 1452 3370 divom

309 3405 433 3491 cffipc'cs
455 3409 488 3470 et
510 3404 652 3486 templa
676 3401 818 3486 tucri»,
842 3402 958 3486 quibus
980 3403 1089 3468 verbis
1111 3400 1227 3488 reddit,
1251 3401 1338 3486 quod
1358 3405 1452 3472 dicit
1513 3451 1514 3466 η

307 3511 414 3576 Lucas
429 3509 479 3575 18
505 3503 601 3574 «oran¹
623 3505 844 3574 sacerdotio
865 3506 1110 3591 fopperetccr
1126 3554 1133 3569 .
1151 3556 1158 3572 .
1175 3554 1183 3569 .
1200 3532 1228 3569 .>›
1254 3544 1294 3552 -
1318 3507 1450 3593 Neque
1513 3529 1514 3570 r

308 3615 413 3678 minus
440 3611 520 3677 179
546 3613 648 3677 verba
682 3637 715 3676 «.
739 3658 746 3674 .
771 3660 777 3673 .
803 3660 809 3674 .
837 3607 975 3676 uacuis
1006 3629 1044 3676 sc
1072 3609 1251 3676 coadidit
1279 3612 1449 3700 caris»,
1513 3599 1514 3646 l

309 3737 391 3801 quae
420 3717 582 3800 explicant
610 3717 666 3780 Lo.
694 3716 709 3779 Ι
737 3715 778 3781 38
807 3733 919 3779 vocem
950 3713 1181 3780 «discessit»
1213 3713 1330 3780 similia
1363 3727 1450 3783 sunt

307 3819 574 3904 Vergilianorum,
613 3819 711 3884 veluti
744 3819 776 3884 ll
809 3818 868 3882 621
901 3843 927 3880 c.
959 3867 965 3880 .
998 3868 1004 3880 .
1035 3865 1042 3881 .
1081 3815 1226 3901 spissis
1257 3817 1366 3884 coctis
1401 3842 1450 3888 se
1513 3805 1514 3894 l

307 3921 679 4007 conquassans»,
717 3923 745 3988 v
778 3921 841 3985 243
881 3926 1000 4005 «porro
1035 3941 1074 3987 se
1110 3920 1295 3996 accarca
1328 3923 1446 4012 arc»,
1513 3897 1514 3987 l

352 4149 372 4214 ¹)
391 4144 527 4201 Hatfield:
546 4145 572 4200 A
591 4145 676 4216 study
695 4145 724 4201 ot
742 4146 891 4208 Iuvencus.
909 4146 991 4199 Bonn
1010 4146 1087 4214 1890,
1104 4161 1132 4214 p.
1149 4147 1263 4202 40-47.

303 4291 304 4296 χ
351 4236 372 4301 ¹)
391 4233 567 4302 Ubicumque
597 4233 691 4301 operis
717 4247 820 4288 nomen
847 4248 903 4286 non
932 4230 1085 4300 adscripsi,
1115 4229 1250 4286 Aeneidis
1274 4215 1360 4287 ¹libris
1392 4253 1442 4291 ex·
1512 4263 1513 4284 r

266 4321 397 4375 citantur.

351 4410 373 4477 ⁸)
391 4408 520 4464 Numerio
539 4422 607 4463 usuc
625 4405 783 4462 Ribbeckii.
