3046 5206
669 425 689 490 9

577 515 778 524 ——-—.—

136 597 166 660 εἰ
188 595 314 682 ἔρχεται
324 594 581 666 Ἧλίας.σώοων
605 595 712 660 αὐτόν»
737 599 771 662 in
794 599 942 666 omnibus
964 599 1131 666 codicibus
1153 601 1263 666 latinis

135 721 195 786 per
225 699 446 768 «liberare»
482 699 627 789 redditur
661 708 797 787 excepto
831 702 1080 770 Glaromontano
1110 702 1174 789 (h),
1207 704 1262 770 ubi

136 809 289 870 accurate
318 805 455 870 vertitur
488 823 547 889 per
582 804 800 871 «sulcare».
853 806 947 885 Quod
976 810 1135 875 Iuvencus
1164 811 1262 874 etiam

135 907 274 994 praebet
295 909 400 973 mInus
415 912 602 974 accuratum
621 907 801 975 «liberare»
819 911 864 978 IV
880 911 953 995 700,
976 932 1040 977 non
1056 910 1167 977 dubito
1186 915 1262 996 quin

136 1033 156 1078 e
178 1012 327 1078 versione
349 1010 453 1076 latins
474 1012 635 1096 petiverit.

181 1138 355 1204 iuvencum
382 1142 506 1202 textum
533 1135 669 1202 latinum
699 1135 887 1203 adhibuisse
920 1137 1019 1219 quod
1040 1136 1262 1206 demonstrare

89 1242 256 1327 volumus,
289 1239 376 1306 haud
410 1242 492 1307 soto.
512 1261 553 1306 an
586 1241 728 1326 probari.
751 1243 855 1324 possit
887 1260 962 1323 qua
992 1243 1146 1308 ratione
1174 1261 1262 1306 con-

91 1347 337 1434 structiones
363 1345 654 1429 .participisles
692 1348 823 1410 textus
862 1345 996 1428 graeci
1029 1344 1261 1410 reddiderit.

69 1449 306 1534 'Participium
334 1467 491 1532 praesens
521 1449 570 1510 «oi
597 1449 631 1510 δὲ
656 1447 809 1516 ἐσθίοντες
834 1495 842 1512 .
867 1499 872 1510 .
898 1496 906 1512 .
930 1473 957 1510 ,ν
986 1447 1132 1514 redditur
1157 1451 1190 1513 in
1212 1450 1262 1516 his

91 1553 262 1622 codicibus
283 1551 394 1618 latinis
416 1549 778 1626 *vmandncantinm
806 1555 915 1618 annm
940 1551 1026 1636 fnit
1046 1571 1259 1627 numerus»

91 1660 126 1723 in
150 1656 214 1722 illis
240 1660 291 1721 «ct
311 1660 429 1722 arant
449 1655 519 1739 qni
540 1656 856 1723 manducaverunt».
895 1657 1026 1722 Iuvenci
1041 1655 1143 1722 verba
1157 1658 1206 1722 III
1221 1658 1259 1723 91

95 1764 332 1827 «uenantum
341 1780 546 1829 nnmcrns.
561 1809 568 1825 .
584 1809 590 1823 .
608 1759 625 1824 f
628 1761 707 1824 uit»
719 1779 823 1844 ¹prope
836 1765 1016 1843 congruunt
1027 1780 1099 1824 cum
1114 1762 1262 1828 versione

50 1899 53 1908 ·
91 1866 150 1931 illa
173 1870 282 1931 textus
304 1863 397 1930 latini
422 1863 778 1930 «manducantium
800 1867 910 1929 annm
931 1863 1016 1947 fnit
1036 1885 1262 1949 numerus»,

92 1987 159 2053 qua
192 1987 232 2033 ex
260 1968 478 2050 congruentia
511 1965 658 2032 concludi
692 1972 800 2051 potest
829 1968 1004 2032 Iuvenoum
1038 1974 1128 2043 textu
1161 1970 1262 2035 latino

91 2091 186 2139 usum
210 2091 294 2157 esse,
316 2073 350 2136 in
373 2091 436 2154 quo
458 2055 664 2156 participiurn
687 2068 921 2144 eodemmodo
943 2069 1105 2137 redditum
1128 2079 1208 2138 erat.

179 2195 232 2258 Ita
253 2212 306 2258 rcs
329 2212 365 2260 se
387 2192 508 2258 habere
521 2191 608 2257 mibi
631 2181 758 2258 videtur
781 2194 814 2257 in
837 2191 888 2257 his
910 2193 1082 2276 exemplis:
1144 2267 1147 2273 Δ

222 2311 314 2378 Mtth.
334 2313 396 2378 XV
418 2312 460 2378 20
485 2315 601 2375 «ταῦτά
624 2312 769 2376 ἐστιν’τὰ
792 2317 986 2375 κοινοῦντα
1008 2313 1064 2375 τὸν
1080 2313 1259 2396 ἄνθρωπον»

136 2416 282 2484 redditur
297 2415 446 2482 omnibus
460 2417 493 2481 in
513 2415 679 2482 codicibus
701 2416 811 2492 latinis
833 2435 891 2500 per
916 2415 1059 2483 «how»
1084 2418 1136 2482 vel
1161 2416 1263 2484 «illa

136 2524 233 2586 snnt
264 2523 362 2603 qnae
394 2518 634 2603 coinquinant»
674 2521 725 2585 vel
762 2519 1023 2587 «coniunnnicant
1061 2520 1240 2587 bominem»
1250 2544 1262 2603 ,·

137 2624 284 2690 similiter
311 2623 450 2706 legimus
480 2621 567 2708 apud
595 2624 664 2689 Iuv.
693 2644 819 2708 quoque
845 2624 896 2690 III
927 2624 987 2688 173
1024 2624 1135 2691 «hacc
1166 2630 1264 2692 snnt

138 2749 237 2811 qnae
258 2727 432 2796 maculant
454 2725 646 2793 bominem».
708 2759 711 2764 -
1288 2737 1289 2742 ’

222 2832 433 2916 Partioipium
465 2830 501 2892 «ὁ
528 2828 711 2894 πιστεύων
736 2830 779 2899 εἰς
803 2831 879 2912 ἐμέ»
905 2831 972 2897 Ioh.
997 2831 1045 2896 XI
1068 2831 1108 2896 25
1132 2833 1165 2896 in
1191 2853 1261 2898 ver-

138 2934 282 3002 sionibus
310 2934 418 3000 latiuis
447 2933 632 3026 dissolvitur
660 2936 832 3013 sententis,
848 2935 987 3001 relativa
1017 2935 1104 3019 <qni
1120 2937 1263 3018 ‚credit

121 3039 176 3113 ¹in
198 3059 278 3124 nte»,
302 3059 400 3121 quam
422 3039 617 3114 sententiam
639 3039 809 3106 relativam
825 3040 984 3106 Iuvencus
1000 3040 1045 3105 IV
1060 3041 1124 3106 350
1147 3043 1262 3126 recipit

141 3142 198 3208 «in
219 3163 269 3207 nte
291 3140 360 3225 qni
382 3141 539 3208 credit».
924 3165 925 3170 ν

181 3262 337 3330 Graviore
360 3268 550 3346 argumento
573 3269 648 3328 suut
669 3262 751 3329 hacc
765 3263 838 3330 duo
861 3263 1025 3348 exempla:

223 3383 380 3451 Matthaei
402 3383 512 3450 verbu¹
526 3383 637 3449 XXVI
659 3384 700 3449 37
726 3381 973 3470 «πάρακλαβὼν
996 3384 1046 3447 τὸν
1071 3382 1186 3469 Πέτρον
1210 3388 1260 3450 καὶ

138 3486 209 3557 τοὺς
243 3486 298 3552 δύο
334 3485 417 3557 υἱοὺς
452 3483 641 3572 Ζεβεδαίου»
677 3488 710 3553 in
742 3489 889 3573 plurimis
922 3489 1124 3556 versionibus
1151 3490 1261 3558 latinis

138 3589 316 3656 redduntur
335 3592 572 3657 constructione
596 3585 768 3658 ablativi
791 3591 962 3658 absoluti
988 3596 1039 3658 «ct
1060 3599 1261 3677 asssumpta

137 3693 259 3762 Petro
292 3699 325 3760 ct
356 3694 493 3761 dnobus
509 3693 592 3776 filiis
620 3694 798 3764 Zebedaei»
835 3702 971 3781 excepto
1001 3696 1260 3781 Cantabrigiensi

138 3798 249 3865 codice
273 3800 327 3882 qui
350 3800 467 3864 retinet
488 3799 695 3884 participium
716 3801 899 3884 praesentis
922 3799 1104 3884 suscipiens
1127 3849 1207 3868 ....
1232 3828 1258 3865 ν.

138 3901 204 3981 Sed
228 3922 305 3972 cum
333 3904 494 3976 Iuvencus
516 3903 561 3969 IV
584 3903 646 3970 482
675 3908 710 3968 ut
724 3904 864 3987 ·plurimi
889 3903 1019 3981 codices
1041 3905 1163 3972 habeat
1185 3925 1259 3971 con-

138 4007 345 4078 structionem
368 4007 503 4080 ublstivi
522 4006 672 4092 absoluti,
696 4027 769 4072 cum
784 4007 868 4084 hano
883 4027 901 4073 e
914 4012 1011 4081 textu
1022 4009 1259 4093 latinopetisse

138 4109 345 4180 manitestum
367 4116 426 4180 est.
517 4175 520 4184 Α

221 4231 274 4296 Ita
296 4249 349 4298 res
372 4251 411 4298 se
426 4230 528 4308 babet
550 4231 936 4299 Mtth..XXV156.‹zoze
954 4233 982 4294 oi
998 4232 1258 4315 μαθηταὶοπάντες

138 4330 298 4415 ἀφέντες
323 4333 413 4396 αἰετὸν
430 4333 575 4420 ἔφυγον»,
598 4339 660 4418 qut
675 4337 746 4401 loco
762 4337 968 4421 participium
986 4335 1259 4420 aoristilegirnus,

139 4433 224 4518 quod
245 4436 279 4499 in
294 4437 553 4522 Cantabrigiensi
578 4440 646 4506 solo
665 4441 838 4525 participio
856 4439 1150 4538 «relinquentes
1166 4463 1255 4506 enm»
