3046 5206
641 443 683 506 43

151 613 1248 700 ApudIuvenouminveniunturadditamentaquoque,

59 739 167 802 quae
210 722 355 802 paucis
389 720 524 784 verbis
557 716 596 781 id
628 715 730 799 quod
764 720 936 800 sequitur
978 721 1092 801 quasi
1131 735 1247 799 prae·

59 828 237 906 parant.
283 821 450 904 Exemplis
473 819 723 885 demonstretur:

204 925 326 991 Verbis
348 925 440 988 Lol
464 924 499 988 7:
526 925 583 988 «et
603 943 672 988 uou
694 926 768 989 erut
787 922 859 990 iliis
880 922 983 1006 fitius,
1007 945 1041 989 eo
1063 923 1149 1005 quod
1170 926 1251 988 esset

106 1028 299 1098 Elisabeth
320 1026 445 1093 sterilis
471 1031 503 1092 et
524 1025 617 1093 ambo
638 1026 805 1111 moyressr'
827 1031 924 1094 erum
944 1027 984 1093 tu
1006 1025 1119 1092 diebus
1141 1026 1248 1110 suia»,

109 1154 203 1216 quae
231 1133 391 1197 Iuvencus
414 1131 638 1214 complectitur
660 1149 755 1197 versu
779 1130 795 1195 Ι
818 1130 848 1215 8,
872 1129 972 1196 adicit
994 1153 1022 1195 v.
1047 1131 1067 1194 9

159 1235 367 1303 «Grotius
389 1237 434 1299 ut
455 1233 596 1300 dorsum
618 1232 696 1299 ium
719 1233 1025 1318 desperantibus
1047 1238 1183 1318 esset»,
1225 1281 1227 1286 ·

110 1361 180 1424 quo
207 1338 335 1404 indicet
357 1337 534 1403 Iohannem
557 1338 657 1402 nasci.

207 1441 322 1508 Simile
346 1440 602 1506 additamentum
625 1442 830 1526 praecipiens
859 1447 966 1506 exstat
993 1442 1026 1504 in
1048 1441 1195 1505 versibus
1218 1441 1250 1504 11

112 1545 262 1631 739J40:

241 1648 336 1714 «Illo
358 1648 485 1714 euduut
505 1647 636 1713 dieuco
658 1647 724 1713 solo
746 1651 924 1731 sortemque
948 1648 1088 1713 iocorum

260 1752 329 1818 Pro
350 1751 474 1818 vr'rtute
494 1752 646 1837 ferunt».

115 1858 216 1923 Haec
240 1856 341 1922 verba
363 1861 561 1941 praeparant
584 1854 825 1922 similitudinem
845 1855 885 1921 de
902 1857 1096 1922 seminatore
1112 1861 1145 1921 et
1159 1855 1249 1921 vario

116 1982 203 2044 agro
229 1959 361 2044 dictam,
384 1979 468 2043 qnae
491 1964 649 2025 tractatur
671 1959 819 2026 versibus
842 1960 1060 2044 sequentibus.

209 2065 264 2130 Ita
286 2083 338 2129 res
362 2083 397 2129 se
419 2062 519 2132 habet
541 2062 587 2128 IV
612 2061 745 2147 leusio:

339 2192 387 2258 ¹o.
412 2217 419 2230 .
445 2216 452 2230 .
477 2191 485 2249 3
507 2186 567 2232 mee
589 2170 720 2232 eumetos
741 2166 799 2234 r'lie
821 2167 881 2234 sub
904 2187 976 2234 urm

375 2267 576 2337 ‚Ooudr'er'oue
593 2274 750 2358 premet»,

117 2395 208 2458 quae
236 2374 339 2439 verba
365 2379 515 2458 spectant
544 2373 586 2438 ad
613 2375 715 2441 verba
737 2376 828 2443 Mtth.
852 2375 962 2440 XXIV
985 2374 1098 2460 dolii:
1129 2375 1252 2440 «Turre

119 2479 187 2544 duo
212 2480 314 2544 eruut
333 2477 373 2542 du
395 2497 475 2562 aero
491 2496 580 2542 uuus
596 2477 788 2545 adsumetur
808 2484 839 2545 et
854 2481 938 2546 aiter
953 2479 1162 2563 reliuquetur
1178 2477 1247 2564 (40)

118 2581 203 2649 Duo
238 2585 338 2648 eruut
369 2580 407 2646 iu
442 2581 519 2646 lecto
553 2580 709 2665 iaeeutes,
746 2601 837 2648 uuus
874 2582 1057 2649 dimittetur
1093 2587 1125 2648 et
1160 2582 1251 2649 uitus

120 2686 319 2753 adsumetur
342 2681 412 2769 (41)
422 2710 449 2768 »,
480 2704 564 2767 quae
586 2683 764 2751 redduntur
786 2689 819 2750 in
841 2687 974 2752 Iuveuoi
996 2708 1025 2751 v.
1051 2688 1109 2752 171
1141 2693 1173 2752 et
1201 2707 1250 2752 se·

119 2790 298 2873 quentibus
320 2788 476 2854 versibus.
913 2865 915 2871 Ι

165 2893 313 2975 Longe'
342 2890 638 2974 trequentiores
686 2912 797 2976 quam
843 2893 1117 2959 additamenta
1161 2900 1250 2960 sunt

79 3000 447 3080 amplificationes,
471 3015 554 3078 quae
577 3002 732 3081 utsupra
755 2996 833 3082 dixi,
861 3002 949 3062 sunt
971 3003 1038 3062 aut
1060 3001 1248 3080 poeticae

81 3105 147 3164 aut
171 3104 408 3184 explicandi
433 3119 554 3166 causa
575 3104 721 3167 iactae.

166 3203 263 3272 Nunc
303 3224 410 3288 pauca
458 3203 562 3270 dicam
611 3203 651 3268 de
698 3206 850 3288 poeticis:
898 3208 1248 3288 Ampiiiicatioues

82 3311 273 3386 poeticae
297 3293 488 3372 euornunt
510 3311 647 3374 verbis
670 3309 856 3390 pluribus
879 3307 917 3372 id
939 3307 1040 3391 quod
1065 3308 1111 3372 ab
1132 3327 1247 3372 evan-

82 3411 233 3490 geliste
256 3415 499 3494 simpliciter
522 3412 605 3476 sive
627 3430 703 3477 uua
726 3432 827 3478 voce
852 3414 935 3477 sive
956 3415 1098 3494 paucis
1114 3414 1248 3477 verbis

83 3511 238 3580 dieitur.
284 3514 426 3592 Quarum
450 3513 735 3599 amplificationum
763 3535 915 3581 numerus
941 3522 991 3581 est
1013 3521 1079 3580 tam
1103 3535 1248 3600 maguus,

82 3622 207 3684 utnon
236 3637 348 3684 omnes
377 3637 629 3683 commemorare
655 3619 786 3702 possim.
836 3620 941 3684 Locos
968 3622 1032 3684 iam
1059 3618 1248 3684 aMuroldo

83 3723 240 3789 tractatos
261 3725 441 3806 praetereo.
504 3727 506 3732 '

211 3825 281 3904 Quo
309 3825 380 3891 loco
409 3826 611 3908 evangelista
638 3827 744 3890 Lucas
772 3831 884 3891 narrat
906 3828 1012 3891 Iesum
1042 3828 1188 3892 aMaria
1215 3834 1246 3891 et

126 3929 264 4015 Iosepho
287 3929 477 4014 parentibus
499 3931 628 4011 requiri,
657 3928 735 3994 dicit
758 3929 946 4014 simpliciter
969 3931 1000 3994 ΙΙ
1023 3931 1064 3994 44
1089 3955 1116 3993 «.
1135 3981 1140 3992 .
1160 3980 1190 3991 ..
1215 3937 1247 3994 et

126 4031 392 4116 requireduut
412 4031 521 4098 iuter
543 4036 729 4117 eoquutos
756 4037 794 4098 et
819 4036 964 4118 motos»,
993 4053 1065 4098 cum
1088 4034 1247 4098 Iuvencus

125 4139 251 4219 poetice
274 4134 449 4222 amplificet
470 4138 486 4200 Ι
510 4134 572 4202 289
595 4155 659 4218 sq.:

150 4240 301 4306 «Illum
318 4261 388 4323 per·
410 4239 516 4304 vr'eos
539 4237 652 4304 urbis
670 4261 815 4323 perque
839 4239 978 4307 abditu
1001 4242 1104 4305 tectu

174 4346 316 4427 Perque
338 4341 456 4408 iteris
477 4345 635 4408 strutus
652 4365 711 4426 per·
732 4347 825 4408 motos
842 4367 959 4428 perque
978 4343 1168 4430 propinquos

176 4446 350 4518 deruebat
369 4447 555 4532 yeuetm'u».
