3046 5206
658 423 700 492 57

82 587 117 644 f
180 599 376 672 Quoniam
419 583 697 678 cognovimus,
743 615 820 678 qua
861 599 1021 662 ratione
1067 599 1260 661 Iuvencus

85 704 299 768 materiam
333 702 523 777 tinuerit,¹
549 702 685 765 iacere
719 718 797 766 non
831 707 1058 780 possumus,
1092 701 1187 780 quin
1222 701 1260 764 in

84 809 177 870 iine
211 795 508 885 huius'capitis
536 807 677 869 iterum
706 802 900 880 dicamus,
935 807 1098 885 poetam
1132 820 1260 883 quarn·

85 905 207 990 quam
232 901 439 974 erroribus
466 925 543 972 non
574 911 729 986 careat,
757 911 888 974 tamen
916 907 1127 973 materiam
1157 909 1261 974 satis

85 1016 196 1078 bene
211 1014 524 1095 diligenterque
546 1014 735 1076 tractare.
1096 1025 1098 1030 ·

571 1247 697 1336 Caput
718 1247 785 1316 ΠΙ.

131 1339 134 1346 .
179 1373 287 1440 Nunc
309 1333 508 1437 vertamus
530 1390 600 1436 uos
624 1369 1014 1456 adcaput‘tertium
1037 1391 1108 1453 quo
1133 1374 1177 1436 de
1201 1374 1260 1436 lu·

87 1496 221 1548 veneo
244 1479 395 1560 Vergili
418 1479 625 1543 imitatore
648 1480 797 1559 agatur.

183 1597 212 1666 l.
236 1595 321 1676 Quid
337 1616 467 1662 carmon
483 1596 706 1680 evangelicum
722 1615 917 1681 componens
932 1595 1079 1679 voluerit,
1100 1596 1261 1661 Iuvencus

86 1702 295 1787 proloquitur
317 1702 350 1764 in
373 1700 525 1788 carminis
546 1698 761 1784 praelatione,
788 1701 823 1763 in
846 1719 910 1784 qua
937 1719 973 1765 se
996 1705 1162 1784 comparat
1190 1719 1262 1764 cum

89 1807 258 1888 Homero
282 1811 315 1870 et
330 1804 522 1888 Vergilio,
546 1803 662 1885 quibus
686 1805 726 1868 sit
741 1793 946 1869 carminibus
969 1804 1070 1889 opicis
1093 1809 1183 1868 certa
1205 1805 1261 1867 im-

90 1909 276 1976 mortalitas

250 2054 278 2093 «.
303 2078 309 2092 .
335 2078 342 2091 .
367 2077 374 2091 .
399 2027 477 2094 dum
499 2027 607 2094 saeclo
629 2025 790 2094 volabaut

269 2130 317 2197 Et
332 2131 456 2216 vertigo
473 2131 544 2214 poli
568 2136 674 2198 terres
697 2135 795 2215 utque
818 2129 961 2214 aequora
984 2131 1107 2197 circum

157 2291 159 2298 ,
270 2234 416 2312 Aethera
437 2234 600 2302 sidereum
621 2235 710 2303 iusso
732 2235 951 2302 moderamine
973 2236 1112 2320 volvet»⁷

67 2359 242 2442 ¹quamvis
266 2377 375 2424 eorum
403 2346 548 2423 carmina
578 2361 741 2424 «veterum
767 2357 866 2442 pestis
893 2355 1064 2423 homimum
1089 2356 1263 2424 mendacta

91 2465 266 2528 necans».
303 2461 372 2526 Illis
384 2461 520 2543 ¹Homeri
543 2466 575 2526 et
590 2462 713 2545 Vergili
736 2462 932 2528 carminibus
958 2461 1096 2546 «falsu»
1121 2461 1261 2526 referen-

92 2567 181 2632 tibus
206 2565 366 2630 Iuvencus
396 2583 558 2650 opponere
589 2565 657 2630 vult
693 2584 850 2630 «carmem
876 2564 950 2631 sime
977 2563 1115 2631 erimine
1142 2563 1260 2648 fulsi»,

92 2671 186 2736 ouius
212 2669 313 2733 virtus
343 2667 457 2733 futura
474 2669 515 2734 sit
540 2672 653 2735 «certa
674 2667 788 2750 fides».
834 2668 1057 2734 Intelleximus
1086 2669 1261 2734 Iuvenoum

96 2775 244 2839 «eertum
266 2770 394 2853 fidem>
410 2774 519 2856 magni
543 2775 745 2856 aestimasse,
768 2771 826 2838 sed
849 2771 936 2856 quod
959 2773 1103 2858 speravit
1131 2772 1201 2837 fore
1226 2777 1262 2837 ut

92 2879 165 2961 ipse
189 2893 315 2959 quoque
337 2877 480 2961 carmine
502 2876 639 2960 gloriam
662 2878 891 2962 sempiternam
915 2883 947 2942 et
977 2901 991 2934 ‹<
1004 2876 1134 2953 laudem
1159 2879 1261 2942 oeter-

93 3000 199 3047 mcvm.»
225 2984 449 3063 consequatur,
473 2982 502 3044 ei
525 3000 589 3046 nou
610 2982 735 3064 obtigit.
773 2979 857 3047 Nam
873 2999 944 3046 cum
960 3000 1061 3064 usquo
1077 2979 1120 3045 ad
1135 2985 1262 3064 tempus

94 3087 240 3149 nostrum
252 3081 401 3166 legantur
413 3081 510 3166 atque
521 3086 638 3150 iterum
649 3085 799 3168 legantur
809 3085 997 3150 Homerus
1010 3084 1261 3166 etVergilius,

95 3188 292 3256 Iuvencus
319 3188 352 3250 in
381 3186 573 3252 oblivionem
601 3189 759 3272 pervenit,
787 3208 981 3272 quamquam
1010 3188 1141 3252 Iuvenci
1168 3206 1261 3269 argu-

95 3296 237 3356 mentum
253 3288 416 3373 grandius
439 3296 488 3356 est
511 3279 607 3374 quam
630 3293 787 3359 Homeri
811 3292 863 3358 vel
882 3292 1046 3375 Vergili.
1084 3291 1154 3356 Hoc
1177 3291 1261 3355 enim

96 3382 319 3478 argumentum
342 3395 447 3460 maius
468 3399 528 3479 est,
552 3414 648 3477 quam
664 3400 698 3459 ut
712 3395 860 3463 versibus
876 3396 1082 3480 exprimatur.
1121 3392 1262 3460 Grandis

95 3499 263 3583 dulcisque
293 3497 412 3564 Christi
446 3518 551 3564 sermo
584 3498 654 3566 fluit
687 3501 780 3581 quasi
814 3518 944 3564 carmen
977 3500 1082 3582 ipsum
1116 3499 1261 3564 oratione

94 3622 192 3688 prosa
215 3591 438 3688 compositum.
484 3601 567 3669 Nam
594 3603 679 3686 quis,
695 3607 744 3667 est
771 3603 833 3684 qui
852 3603 955 3687 possit
984 3603 1143 3686 poeticam
1173 3600 1261 3666 illam

95 3705 291 3792 psalmorum
319 3707 496 3771 orationem
527 3725 647 3789 augere
673 3707 843 3772 versibus?
887 3705 1041 3770 Permulti
1070 3712 1102 3778 et
1129 3710 1203 3772 sunt
1230 3709 1262 3769 et

97 3816 198 3895 erunt,
222 3811 276 3893 qui
300 3810 471 3892 evangelia
493 3810 615 3894 legant,
638 3811 836 3896 paucissimi,
859 3811 913 3893 qui
935 3807 1139 3875 «Messium»
1163 3809 1260 3872 intro-

97 3914 248 3997 spiciant!
287 3917 482 3980 Iuvencus
505 3914 755 3994 cumpcarmine
778 3934 836 3979 suo
852 3913 1027 3979 christiano
1044 3917 1261 3979 demovere

97 4021 217 4084 vellet
252 4021 344 4084 loco
387 4036 458 4084 suo
500 4021 721 4100 praecipue
758 4021 996 4100 Vergilium,
1037 4019 1259 4100 Vergilium

98 4125 277 4187 imitatus
301 4125 374 4187 est.
420 4120 485 4185 Sed
509 4120 590 4186 alios
610 4140 740 4203 ¹quoque
762 4127 877 4209 poetas
899 4121 998 4186 veluti
1021 4121 1261 4198 Lucretium,

99 4223 303 4310 Ovidium„
317 4224 483 4290 Statium
507 4225 667 4290 Iuvencus
689 4244 753 4290 nou
770 4226 907 4310 spernit3
930 4226 1020 4289 cuius
1043 4225 1089 4288 rei
1113 4223 1262 4308 exempla

99 4327 214 4394 afferre
247 4328 325 4392 mibi
360 4347 440 4412 opus
473 4348 537 4393 nou
571 4332 631 4411 ost,
665 4348 736 4393 cum
771 4347 854 4411 quae
881 4330 947 4394 iam
974 4328 1196 4393 Reuschius
1230 4335 1262 4394 et

100 4430 296 4499 Gebserus
317 4451 424 4516 pauca
446 4431 658 4518 contulerunt,
682 4431 809 4497 auxerit
824 4432 1005 4498 Huemerus
1028 4433 1096 4497 sub*
1111 4429 1261 4498 editionis
