3046 5206
846 397 888 461 40

278 576 416 638 menta
438 572 846 653 metanensem,
870 569 901 636 2.
917 588 1055 651 eaquae
1071 571 1466 652 ampliticationesl)

281 675 422 760 appello,
460 674 604 757 quibus
640 672 694 755 id,
738 670 843 754 quod
880 674 918 737 in
954 672 1164 756 evangelio
1201 678 1355 756 exstat,
1398 679 1469 738 aut

279 781 442 861 poetice
463 782 528 841 aut
549 779 780 858 explicandi
811 795 932 844 causa
952 776 1234 861 amplificatur.
1271 777 1469 844 Nonnullae

282 879 551 966 amplificationes
573 880 723 964 poeticae
746 886 880 945 exortae
904 885 976 946 sunt
992 878 1065 946 aliis
1081 900 1121 945 ex
1136 882 1253 965 poetis,
1275 882 1468 965 praecipue

280 1006 298 1052 e
321 985 476 1068 Vergilio,
500 981 540 1047 de
564 981 681 1064 quibus
704 982 1010 1066 amplificationibus
1031 983 1065 1048 in
1087 985 1195 1068 capite
1218 984 1315 1049 tertio
1348 1005 1467 1066 agam.

279 1091 317 1155 In
332 1107 465 1153 numero
481 1089 848 1154 additamentornm
865 1092 1001 1171 apoetu
1015 1088 1086 1170 ipso
1103 1085 1260 1152 factorum
1280 1085 1469 1170 habentur,

284 1194 309 1256 1.
340 1210 424 1275 quae
453 1196 584 1274 poetam
619 1210 637 1255 e
670 1194 919 1257 testamento
953 1195 1090 1257 vetere
1124 1193 1329 1272 petivisse
1368 1197 1469 1274 puto,

279 1299 308 1360 2.
333 1314 417 1378 quae
433 1314 451 1361 e
468 1299 613 1376 poetae
629 1297 794 1378 ingenio
810 1299 953 1362 exorta
968 1297 1052 1375 sunt,
1068 1294 1098 1359 3.
1114 1314 1198 1378 quae
1214 1298 1469 1377 explicandi

280 1418 405 1466 cansa
430 1397 531 1463 adicit
552 1403 659 1482 poeta.

368 1501 463 1567 Certo
494 1507 567 1566 sunt
595 1501 734 1584 repetita
762 1520 780 1565 e
807 1506 1001 1566 testamento
1028 1508 1148 1587 vetere,
1180 1522 1264 1584 quae
1292 1504 1469 1569 Iuvencus

279 1608 313 1669 in
348 1605 496 1670 versibus
528 1605 560 1669 II
594 1601 737 1688 sessim
769 1610 803 1669 et
835 1605 884 1669 III
915 1603 1064 1669 265-67
1100 1605 1141 1670 de
1174 1605 1260 1670 Elia
1292 1607 1469 1690 propheta

280 1708 374 1773 dicit:
404 1708 564 1773 Iuvencus
591 1713 762 1791 postquam
786 1707 905 1773 Christi
930 1708 1031 1773 verba
1052 1707 1168 1774 Matth.
1191 1707 1239 1772 XI
1264 1708 1304 1772 14
1336 1714 1409 1774 «et
1433 1711 1468 1774 si

279 1811 383 1877 valtis
411 1810 564 1893 accipere,
598 1809 667 1893 ipse
694 1813 751 1891 (sc.
779 1809 954 1897 Iohannes)
989 1815 1036 1878 est
1061 1811 1169 1896 Elias,
1205 1811 1263 1896 qai
1289 1818 1469 1880 vemtarms

281 1920 351 1980 est»
379 1916 540 1999 expressit
562 1916 593 1979 ΙΙ
617 1911 753 1998 543s44:

435 2034 497 2100 «Si
518 2034 621 2100 valtis
642 2034 785 2100 volucris
802 2035 995 2117 paeetralia
1016 2056 1147 2103 cascere
1170 2035 1280 2118 saecli,

462 2137 586 2223 Coepta
609 2138 775 2205 Iobamais
795 2138 881 2224 felia
904 2138 1085 2206 habitabile
1107 2139 1248 2223 sumpsit

362 2295 364 2300 .
461 2243 615 2324 Helias»
1303 2249 1438 2330 pergit:

299 2391 329 2427 «.
356 2415 361 2426 .
386 2412 393 2430 .
418 2415 424 2426 .
449 2363 641 2447 quomdam
664 2385 775 2447 qaam
798 2363 959 2430 tarbime
980 2364 1105 2431 missa
1126 2387 1285 2433 carasco

324 2466 640 2552 Flammipedam
662 2466 805 2551 rapait
826 2467 1041 2533 simulatio
1063 2470 1450 2556 amadriiapormm».

412 2589 523 2655 Simile
546 2589 627 2656 facit
650 2589 907 2655 additamentum
931 2590 1090 2656 Iuvencus
1118 2591 1190 2656 loco
1213 2611 1275 2674 quo
1300 2591 1467 2678 discipuli

325 2696 399 2759 Iesu
434 2695 601 2776 quaerenti
637 2714 754 2779 racem
786 2713 836 2759 me
868 2691 985 2760 dicaret
1016 2714 1082 2759 esse
1115 2692 1305 2761 mmimst»
1343 2695 1464 2782 (Mtth.

325 2799 403 2863 XVI
435 2795 487 2880 13)
516 2797 731 2882 respondent:
768 2795 979 2864 «Iobamaem
1005 2797 1208 2881 Baptistam‚
1245 2798 1306 2864 alii
1341 2807 1466 2868 autem

326 2900 464 2990 Heliam
498 2925 621 2964 ....»
663 2921 760 2984 quam
800 2904 1043 2985 responsionem
1081 2900 1187 2966 reddit
1221 2902 1271 2967 III
1304 2901 1369 2967 261
1415 2927 1464 2990 sq.

325 3004 441 3071 Verbis
467 3003 553 3069 «alii
576 3007 686 3069 aatem
708 3002 870 3069 Heliam»
895 3005 1066 3089 explicatis
1089 3004 1138 3069 ΙΙΙ
1161 3001 1296 3088 264J65:

371 3125 479 3190 «Pars
499 3130 657 3191 memorat
676 3125 818 3191 voimrts
839 3126 950 3209 famae
972 3125 1036 3191 sibi
1057 3125 1197 3210 copmita'
1210 3125 1309 3192 cerba

391 3228 528 3295 Heliam
548 3228 674 3294 omissa
696 3228 826 3311 iterum,

325 3350 418 3415 addit
440 3351 600 3416 Iuvencus
624 3349 810 3416 265-267:

885 3474 994 3536 quem
1011 3459 1201 3537 praepete
1223 3475 1349 3520 carra

392 3557 569 3623 Tarbiae
591 3557 759 3622 caelesti
781 3557 976 3640 quomdam
998 3556 1191 3623 simulata
1213 3557 1437 3644 quadripes
1511 3579 1512 3604 ¹

390 3660 527 3725 Aciris
548 3660 732 3727 inseruit
752 3660 924 3744 rapidae
946 3660 1005 3725 cis
1027 3660 1193 3745 fervida
1214 3661 1440 3746 flammae.»

326 3783 377 3846 De
405 3781 478 3846 Elia
512 3786 620 3847 autem
654 3783 686 3846 in
721 3782 846 3848 caelum
879 3781 1128 3847 transcendente
1163 3781 1309 3866 pluribus
1342 3789 1461 3852 verbis

328 3883 465 3950 traditur
479 3887 513 3949 in
528 3887 652 3969 Regum
669 3885 750 3951 libro
766 3887 811 3952 IV
827 3884 942 3948 2-11.
979 3886 1017 3950 ln
1032 3905 1128 3950 versu
1147 3885 1182 3948 ll
1201 3891 1309 3952 autem
1332 3886 1461 3970 legitur

257 4201 260 4206 ¹
371 4141 391 4207 1)
404 4141 448 4195 De
461 4140 662 4197 additamentis
675 4147 704 4198 et
717 4141 982 4211 amplificationibus
991 4143 1129 4197 tractavit
1138 4143 1264 4198 breviter
1273 4145 1383 4200 Marol
1391 4147 1412 4201 d
1420 4167 1458 4203 us

283 4227 301 4280 l.
314 4243 337 4280 o.
355 4243 383 4295 p.
395 4231 446 4285 334
459 4244 500 4298 sq.
519 4232 548 4283 et
560 4229 709 4297 Vivona,
727 4231 760 4284 de
773 4229 890 4283 Iavemei
903 4232 1005 4299 poetae
1024 4229 1298 4300 amplificationibus,
1316 4231 1457 4290 Palermo

285 4317 360 4380 1902,
386 4330 469 4382 quam
492 4316 756 4370 commentationem
784 4323 876 4384 neque
902 4316 1075 4372 bibliotheca
1098 4317 1331 4373 Vratislaviensis
1358 4335 1456 4390 neque

284 4400 473 4456 Berolinensis
491 4401 587 4457 habet.
