3046 5206
848 430 890 496 36

773 520 974 528 ..-

416 603 495 668 Post
519 601 650 666 luvenci
672 621 701 666 v.
726 603 775 666 111
800 601 863 667 640
887 631 926 656 =
949 601 1043 668 Mtth.
1066 603 1146 668 XXI
1171 604 1210 669 10
1234 602 1473 670 desideramus

207 742 209 750 s
330 704 422 769 Mtth.
438 724 551 770 versus
565 705 646 774 XXI
665 703 703 770 12
717 712 749 770 et
763 705 812 788 13,
829 704 944 787 quibus
959 711 1118 790 narratur,
1133 706 1293 788 quomodo
1310 707 1474 772 Chrirtus

330 815 526 876 mercatores
548 808 668 894 templo
692 808 844 894 expellat.
882 810 1056 876 Iuvenoum
1080 809 1152 876 illos
1174 829 1289 876 versus
1307 813 1473 877 omisisse

331 919 485 998 apparet,
522 911 609 995 quod
642 912 727 978 hanc
760 913 978 976 narrationem
1014 913 1079 976 iam
1116 911 1295 978 secundum
1336 913 1416 980 Ioh.
1443 917 1473 979 II

331 1016 456 1082 14-16
480 1046 520 1071 =
544 1017 611 1081 Iuv.
635 1017 667 1080 ΙΙ
694 1014 862 1082 155-162
885 1017 1048 1082 tractavit.

370 1139 406 1203 In
435 1157 582 1203 sermone
609 1136 762 1203 hebraico
791 1135 895 1220 figura
922 1142 1029 1203 exstat
1059 1135 1373 1203 «membrorum»
1415 1143 1472 1222 qui
1507 1147 1508 1194 t

286 1241 402 1307 dicitur
419 1240 764 1327 parallelismur»,
792 1260 875 1324 quae
904 1241 1095 1326 saepissime
1118 1242 1256 1306 occurrit
1278 1242 1311 1306 in
1337 1243 1469 1324 grandi

285 1365 433 1412 sermone
467 1345 619 1411 librorum
658 1346 779 1410 veteris
818 1345 1013 1410 testamenti.
1071 1341 1137 1409 Sed
1171 1345 1270 1409 etiam
1306 1343 1471 1412 christus

285 1448 419 1514 adhibet
455 1448 539 1514 hanc
576 1447 714 1531 figuram
752 1449 785 1513 in
825 1448 1033 1514 orationibus.
1090 1447 1263 1513 Praeclare
1298 1446 1471 1515 describit

284 1554 338 1617 Fr.
377 1551 569 1635 Buhliusl)
609 1572 681 1616 eam
717 1550 767 1616 his
805 1551 926 1617 verbis:
970 1549 1063 1616 «Dte
1098 1550 1221 1616 redacte
1259 1549 1370 1618 Form
1414 1553 1473 1618 des

284 1655 541 1722 Paratlctr'cmus
564 1654 644 1739 Itept
664 1674 730 1734 vor,
755 1675 802 1724 cco
825 1654 882 1722 der
897 1653 1017 1721 latuit
1037 1653 1126 1720 arces
1150 1653 1245 1720 atrii
1266 1674 1308 1720 aa
1335 1655 1474 1741 Iaapea

285 1759 398 1826 Satara
420 1759 459 1825 In
481 1758 658 1825 curtiarter
680 1756 783 1824 Form
804 1757 995 1831 winderholt
1015 1756 1110 1840 wird,
1133 1778 1167 1823 so
1190 1757 1254 1835 dcli
1272 1758 1331 1824 der
1348 1761 1474 1826 zwette

284 1862 365 1929 aaa
388 1862 448 1928 wie
470 1862 524 1928 cia
547 1861 638 1928 Echo
661 1862 714 1928 dcc
737 1865 845 1928 ersten
869 1859 979 1944 Icit'apt
1003 1897 1046 1908 -
1073 1861 1130 1928 dar
1151 1881 1475 1962 soprsyaoayme

284 1965 634 2033 Paraltciiamac».
663 1967 795 2049 Neque
817 1969 948 2034 autem
971 1965 1163 2032 Iuvencus
1185 1966 1342 2031 obtinet
1360 1967 1474 2034 hanc

286 2070 468 2153 tiguram.
513 2069 680 2154 Exemplis
703 2068 957 2135 demonstretur:

414 2189 573 2256 Versuum
600 2189 693 2254 Mtth.
721 2189 782 2255 VII
809 2189 828 2253 7
857 2195 888 2254 et
916 2189 947 2273 8,
977 2191 1031 2273 qui
1058 2187 1196 2256 eandem
1226 2191 1472 2273 cogitationem

329 2294 504 2384 continent,
534 2292 650 2376 «petite
677 2291 870 2358 ridebitur
897 2291 996 2374 codis,
1025 2292 1174 2377 quaerite
1202 2297 1234 2359 et
1260 2292 1475 2378 invenictis,

324 2397 458 2484 pulsate
489 2401 522 2480 wet
555 2396 722 2480 aperietur
754 2395 843 2461 vobis
876 2396 938 2480 (7).
990 2396 1104 2463 Omar'v
1138 2395 1240 2478 caim,
1274 2396 1334 2480 qai
1364 2400 1473 2482 petit,

325 2495 466 2584 ‘capta
499 2505 530 2567 et
562 2499 709 2584 parcit,
744 2498 892 2582 taceac't,
924 2503 956 2566 et
982 2500 1138 2584 palranti
1172 2500 1340 2585 aperietur
1373 2504 1472 2581 (8)».

328 2606 486 2670 Iuvencus
508 2610 633 2670 tantum
657 2623 785 2672 versum
809 2605 829 2670 8
852 2605 985 2689 respicit
1007 2605 1022 2668 Ι
1044 2602 1174 2690 668Ι69.

369 2723 513 2790 Eodem
536 2724 648 2792 modo
671 2728 756 2809 agit
778 2724 984 2811 Iuvencus,
1007 2745 1091 2792 cum
1113 2726 1371 2811 evangelista
1398 2747 1470 2792 ex-

284 2831 418 2914 primIt
453 2847 564 2893 unam
597 2828 837 2911 eandemque
871 2830 1110 2896 sententiam
1145 2835 1180 2895 et
1213 2829 1390 2913 positive
1428 2840 1471 2896 et

284 2934 479 3015 negative.
530 2931 639 2998 Nihil
667 2930 775 2996 aliud
809 2932 962 2998 obtinet
995 2934 1073 2998 nisi
1107 2937 1353 3000 sententiam
1394 2941 1470 3001 aut
1506 2951 1507 3024 ,

284 3039 504 3118 positivam
529 3039 595 3101 aut
618 3039 870 3117 negativam:
1506 3029 1507 3040 ³

415 3156 522 3220 Veluti
551 3155 639 3239 apud
665 3155 759 3220 Mtth.
787 3156 832 3220 VI
863 3154 957 3242 lists
985 3156 1122 3240 legimus
1158 3155 1213 3221 «si
1244 3155 1332 3224 caim
1359 3155 1467 3224 dimi·

327 3257 439 3324 scritto
467 3256 656 3324 hominibus
678 3262 814 3342 peccata
841 3279 961 3341 eacan,
996 3258 1138 3325 dimittet
1170 3263 1202 3325 ct
1231 3258 1319 3325 vobis
1351 3258 1467 3328 Pater

327 3361 475 3429 coelectis
508 3361 628 3428 delicta
660 3366 768 3428 vestra
800 3361 880 3450 (14).
936 3362 975 3429 Si
1008 3366 1117 3429 actem
1154 3382 1224 3428 aco
1259 3361 1465 3430 dimiseritis

329 3465 527 3547 homicidas,
543 3469 708 3549 aecpatar
718 3470 822 3532 cesar
834 3464 976 3533 dimittet
986 3464 1217 3548 vobispeccata
1228 3469 1336 3532 vestm
1349 3465 1463 3553 (15)»,

326 3590 423 3636 unam
442 3568 643 3653 eandemque
661 3589 738 3653 crgo
754 3571 949 3634 sententiam
966 3574 1004 3634 et
1019 3571 1195 3654 positive
1211 3575 1248 3633 ct
1269 3573 1462 3652 negative

329 3693 534 3760 expressam3
573 3672 631 3740 sed
664 3672 837 3740 Iuvenco
878 3673 1040 3740 sufficit
1077 3675 1240 3740 sententia
1276 3675 1461 3759 positIva
1505 3725 1506 3766 4

328 3776 546 3843 icor-603.
624 3829 628 3838 .
1505 3779 1506 3801 ¹

373 3971 375 3976 ,
414 3899 465 3963 Ita
488 3917 540 3963 res
563 3917 598 3962 se
619 3898 719 3965 habet
734 3899 801 3964 loh.
818 3900 846 3964 V
863 3897 960 3984 46l47
987 3898 1035 3963 «ai
1050 3897 1137 3964 caim
1151 3895 1320 3963 credcrt'tt's
1335 3895 1456 3983 Mopsi,

327 3999 496 4066 metieritis
523 3999 670 4085 forsitan
698 4005 730 4066 et
754 4000 856 4084 mitra·
885 4001 923 4067 de
949 4022 999 4067 me
1025 4001 1113 4067 caim
1140 4000 1199 4066 ille
1219 4000 1352 4083 scripsc't
1372 4002 1453 4089 (46).

326 4103 364 4170 a
392 4108 501 4172 ccam
529 4103 625 4170 tritas
655 4104 775 4170 littera
802 4123 871 4170 noa
900 4103 1041 4185 creditit,
1072 4103 1224 4186 quomodo
1245 4103 1352 4170 verbis
1373 4106 1456 4170 meir

372 4360 392 4420 ¹)
411 4360 453 4414 in:
472 4361 744 4431 Realcaryklopddic
764 4363 785 4432 f.
800 4363 876 4429 prot.
898 4361 990 4416 Theol.
1009 4379 1036 4415 a.
1057 4361 1163 4414 Kirchc
1182 4361 1231 4416 IV
1239 4379 1270 4430 p.
1289 4363 1340 4416 626
1356 4364 1382 4415 at
1401 4367 1453 4418 633

284 4461 307 4499 a.
325 4461 350 4498 v.
371 4445 585 4502 «Dr'chtkunst».
