3046 5206
657 407 675 470 7

123 577 269 644 textibus
284 577 394 643 latinis
409 575 555 643 redditur
572 576 774 661 «proebe».
808 579 915 662 Atque
937 581 963 645 si
986 580 1072 663 quod
1092 581 1251 649 Iuvencus

121 679 225 746 habet
247 680 263 743 I
286 677 425 766 551s522*

227 782 294 848 «Aa
316 782 352 848 sc'
373 783 461 867 quic
477 788 609 868 purtem
626 785 743 868 pulmo
761 786 1011 868 percusserit
1030 787 1106 870 oris,

245 885 326 952 Mox
348 887 451 954 oliam
474 888 587 954 vultus
604 893 736 972 portem
752 889 944 972 praebere
966 896 1141 959 memento»

122 1008 349 1074 comparamus
391 1011 463 1056 cum
504 996 595 1058 textu
635 992 746 1076 latino,
783 1011 857 1058 eum
894 992 1009 1059 eodem
1045 1014 1109 1061 non
1145 998 1250 1079 magis

122 1099 276 1159 accurate
303 1113 399 1178 quam
427 1095 619 1161 vocabulum
648 1095 841 1180 explicasse,
869 1101 992 1162 textum
1016 1118 1093 1182 orgo
1114 1099 1249 1166 latinum

120 1199 215 1281 sequi
240 1204 386 1282 apparet.
1045 1237 1048 1241 ·

207 1302 245 1366 In
270 1300 428 1367 Matthaei
455 1302 563 1368 verbis
585 1303 631 1367 Vl
658 1301 700 1366 24
730 1299 850 1373 «οὐδεὶς
879 1303 1058 1369 δύναταιλκ.
1075 1329 1101 1371 τ.
1120 1308 1167 1371 λ.»
1197 1327 1248 1372 oo-

120 1405 222 1469 currit
247 1405 440 1472 vocabulum
469 1404 714 1473 «ἀνθέξεται»
746 1404 832 1488 quod
858 1406 1025 1474 codicibus
1047 1410 1157 1475 latinis
1179 1430 1249 1475 ver-

119 1509 199 1572 titur
213 1508 286 1573 aliis
301 1527 359 1591 per
377 1507 642 1574 «sustinebit»
661 1507 733 1574 aliis
748 1527 806 1593 per
823 1509 1062 1593 «potietur».
1106 1514 1248 1579 Dubium

118 1616 258 1677 nonest
281 1613 357 1695 quin
382 1611 647 1679 «sustinebis»
673 1614 714 1678 sit
734 1615 915 1680 accuratior
929 1617 1110 1682 translatio
1155 1617 1249 1695 Quod

118 1716 281 1781 Iuvencus
307 1734 433 1799 quoque
461 1716 561 1782 babet
592 1715 820 1799 «patietur»
851 1719 866 1782 Ι
894 1717 972 1790 627:
1010 1738 1088 1788 «acc
1115 1722 1248 1804 puriter

118 1817 289 1885 dominam
324 1839 438 1886 sacca
469 1819 653 1903 patietur
689 1823 896 1907 utramque»,
940 1822 1131 1890 concludere
1173 1827 1249 1892 licet

118 1924 296 1988 luvenoum
319 1925 365 1989 ita
387 1925 534 1989 intentu
556 1923 657 1989 latino
680 1923 809 2007 legisse.
828 1933 835 1965 ·‘

205 2027 406 2093 Vocabulum
432 2028 648 2111 «ἀγνάφου»
673 2026 767 2092 Mttb.
782 2028 831 2092 IX
849 2029 887 2092 16
909 2031 1040 2115 proprie
1061 2030 1247 2114 significans

120 2131 316 2197 «condam
353 2135 525 2198 curatas
554 2130 783 2215 politosque
819 2152 841 2198 c
876 2133 1058 2218 fullone»
1103 2133 1248 2200 redditur

117 2233 285 2300 codicibus
312 2235 422 2299 latinis
450 2234 613 2301 adiectivo
643 2234 822 2320 «radis»,
849 2236 935 2319 quod
962 2236 1051 2322 apud
1074 2240 1246 2304 Iuvencum

117 2357 246 2421 quoqne
273 2337 392 2421 legitur
419 2339 536 2404 11371
575 2363 608 2402 «.
634 2389 640 2402 .
733 2339 902 2406 rudibus
929 2346 1051 2407 veteres
1076 2341 1247 2418 subtexere

110 2460 247 2524 paucos
261 2439 438 2514 Vestibus».
468 2443 642 2508 iuvencum
657 2441 692 2506 id
707 2463 725 2510 e
741 2448 831 2508 textu
847 2442 948 2510 latino
965 2447 1142 2530 sumpsisse
1157 2451 1245 2532 puto.

205 2544 296 2623 Quae
318 2566 383 2611 vox
408 2546 627 2630 «βιάζεται»
658 2548 796 2611 occurrit
819 2546 906 2631 apud
928 2547 1020 2612 Mtth.
1044 2548 1092 2612 XI
1117 2550 1165 2636 12,
1194 2571 1246 2616 co-

116 2648 243 2714 dicibus
265 2649 375 2714 latinis
398 2649 593 2713 convertitur
608 2648 682 2714 aliis
696 2650 940 2715 accuratissime
955 2671 1013 2736 per
1039 2651 1242 2737 «copitar»

116 2752 192 2817 aliis
213 2753 319 2818 minus
342 2757 494 2818 accurate
516 2771 575 2836 per
604 2752 705 2818 «vim
729 2751 925 2836 patitur».
971 2752 1062 2831 Quod
1086 2757 1245 2822 Iuvencus

116 2855 255 2921 similem
278 2857 414 2942 praebet
437 2854 608 2939 eloquendi
636 2858 803 2922 circuitum
829 2881 855 2919 «.
873 2904 881 2919 .
899 2907 906 2920 .
923 2905 930 2920 .
950 2856 1025 2924 cim
1047 2858 1131 2927 coeli
1152 2860 1245 2945 repta
1366 2906 1369 2912 -

116 2958 278 3042 scatit»,
300 2960 388 3025 illam
411 2959 563 3025 effectam
586 2979 658 3026 esse
681 2965 772 3025 textu
792 2961 861 3026 eius
876 2961 976 3026 latino
991 2964 1165 3029 verisimile
1185 2968 1243 3029 est.

203 3063 312 3129 Verba
344 3062 435 3128 Mtth.
463 3061 542 3129 XIV
568 3063 610 3130 ‘20
639 3063 755 3147 «ἦραν
787 3065 824 3126 τὸ
857 3064 1111 3148 περισσεύον.
1141 3117 1148 3131 .
1176 3113 1184 3132 .
1216 3093 1242 3133 ‚s

117 3168 217 3252 latine
246 3170 473 3232 convertuntur
495 3156 573 3248 ¹aliis
601 3168 634 3231 in
662 3166 827 3235 codicibus
844 3174 909 3234 .«et
937 3169 1122 3235 tulerant
1146 3173 1243 3238 reli-

117 3269 256 3354 quias»
278 3269 350 3336 aliis
371 3268 681 3354 «etcollc'pcrcat
699 3291 747 3338 ν.»
762 3273 834 3338 aliis
853 3278 904 3338 «et
921 3273 1175 3341 sustulerant
1193 3297 1240 3342 r.»

116 3375 214 3442 Nulla
241 3379 290 3439 est
319 3372 477 3438 dubitatio
507 3375 582 3455 quin
611 3393 670 3457 per
700 3376 935 3442 «tulerunt»
969 3375 1107 3460 «ἦραν»
1139 3381 1243 3462 magis

118 3477 161 3542 ad
188 3477 322 3542 verbum
349 3474 565 3542 transferatur
591 3495 689 3559 quam
714 3498 772 3563 per
803 3478 1103 3564 «ratimarum».
1149 3481 1243 3559 Quod

118 3580 205 3666 apud
221 3580 516 3659 Iuvencum11189
539 3581 697 3664 reperitur
719 3581 805 3648 idem
826 3583 895 3649 fero
921 3582 1144 3667 «reliquias
1161 3635 1167 3649 .
1184 3634 1191 3648 .
1210 3636 1215 3648 .
1235 3638 1240 3649 .

120 3685 247 3770 tepere
279 3682 459 3767 minata»,
493 3685 522 3749 is
555 3684 588 3748 in
622 3688 712 3750 textu
745 3686 845 3752 latino
880 3687 984 3768 simile
1018 3687 1137 3771 legisse
1166 3688 1241 3755 mihi

116 3779 275 3855 videtur(
303 3787 503 3854 Vocabulum
537 3787 673 3872 simplex
710 3789 892 3873 «legeres
922 3792 1080 3857 Iuvencus
1107 3791 1241 3858 adhibet

117 3894 259 3958 metricis
282 3893 389 3958 causis
412 3895 552 3956 coactus.

201 3995 358 4062 Matthaei
374 3995 475 4064 verba
489 3995 568 4059 XVI
583 3994 624 4060 22
650 3995 785 4066 «ἵλεως
809 4019 856 4059 σοι
879 3996 982 4080 κύριε»
1008 4000 1156 4064 omnibus
1171 3999 1240 4065 fere
1301 3999 1303 4005 ’

117 4102 149 4165 in
171 4099 338 4167 codicibus
360 4099 470 4164 latinis
491 4096 669 4163 redduntur
694 4099 827 4166 «obsit
853 4121 874 4167 u
902 4099 1003 4186 tcs1),
1031 4122 1114 4185 quae
1137 4108 1237 4169 trans-

160 4252 181 4318 1)
200 4251 228 4305 in
247 4251 346 4306 codice
364 4251 528 4306 Monacensi
546 4253 586 4320 (q)
607 4252 729 4306 vertitur
748 4253 920 4308 adverbum
947 4254 1146 4323 «propitias
1169 4259 1240 4311 cato

72 4338 186 4394 domine
214 4353 252 4392 sc.
281 4337 377 4408 deus»,
404 4337 448 4393 cd.
475 4337 502 4391 in
531 4336 624 4394 John
647 4339 1043 4410 Wordswortb-Wbitc,
1073 4342 1128 4398 Old
1151 4343 1240 4398 Latia

72 4424 201 4481 Bibliccl
221 4424 307 4480 Tacts
325 4424 388 4481 III.
