3046 5206
647 426 688 490 35

165 600 295 662 Versu
319 601 630 677 praetermisso,
658 616 826 679 quocum
856 601 927 663 aiii
952 602 1193 677 cohaerent,
1217 602 1256 665 hi

53 702 153 764 aiii
180 703 359 766 iuvenco
382 706 477 767 sunt
499 704 867 782 praetermittendi.

215 818 295 884 Cum
317 818 477 886 Iuvencus
499 820 567 886 Ioh.
584 820 737 886 v.11122
768 820 872 887 «Post
892 821 971 888 haec
992 822 1086 888 oemit
1106 823 1204 889 Jesas
1226 827 1258 888 et

120 923 285 1007 discipali
307 923 379 990 eius
399 923 438 990 im
453 923 617 992 Iudaeam
640 928 779 991 terram:
804 929 836 990 et
848 923 921 992 iiiia
936 925 1169 993 demorabatur
1184 947 1258 993 cum

119 1026 174 1094 eis
203 1031 236 1094 et
262 1026 475 1110 baptirabat»
511 1049 575 1094 non
607 1031 772 1114 respiciat,
807 1031 836 1094 ei
870 1030 1150 1114 praetermittendi
1182 1036 1256 1096 sunt

118 1150 242 1197 versus
265 1151 392 1215 quoquc
414 1131 481 1197 Ioh.
498 1133 542 1197 IV
561 1133 574 1196 i
594 1131 661 1197 eti
687 1130 760 1197 «Ut
780 1153 855 1218 erpo
876 1132 1025 1219 copaocit
1046 1132 1151 1215 Iesus,
1175 1133 1256 1217 quia

120 1233 314 1301 audierumt
333 1233 523 1317 Pharisaei,
554 1234 635 1318 quia
657 1234 753 1302 Iesus
775 1237 892 1319 pimec
920 1236 1096 1321 discipulos
1119 1237 1205 1322 facit
1226 1242 1258 1302 ct

119 1337 234 1424 mapic
269 1337 460 1421 baptizabat
490 1359 589 1422 quam
623 1338 794 1406 lolemmcs
828 1338 893 1428 (1),
928 1361 1128 1425 quamquam
1152 1333 1257 1407 'lam

119 1463 195 1508 mom
232 1441 423 1525 baptizaret,
456 1443 512 1509 sed
546 1442 701 1527 discipali
734 1443 805 1510 mas
839 1441 920 1530 (2)»,
954 1446 1009 1527 qui
1042 1444 1178 1511 redeunt
1212 1444 1255 1511 ad

120 1546 195 1612 Ioh.
219 1547 268 1611 III
291 1545 342 1610 22.

213 1666 373 1744 Quoniam
396 1669 555 1734 Iuvencus
577 1668 670 1733 iiitth.
692 1687 807 1734 versus
830 1668 911 1733 XXI
934 1667 975 1733 42
1005 1668 1093 1734 «Aa
1114 1668 1158 1735 ud
1181 1668 1255 1736 iiior

124 1770 240 1838 Iesus:
264 1769 424 1854 Lapidem
446 1793 541 1856 quem
554 1771 817 1856 reprobaverant
831 1771 1052 1855 aedificatrice,
1078 1771 1131 1839 iric
1144 1774 1255 1858 factus

124 1879 176 1942 est
196 1875 234 1942 im
257 1878 358 1958 caput
380 1875 523 1961 capati»
549 1877 708 1942 rationem
724 1896 788 1941 non
804 1873 902 1960 ducit,
925 1895 1052 1941 versum
1069 1896 1196 1960 quoque
1213 1879 1254 1942 44

128 1982 187 2044 «et
208 1977 266 2062 qui
289 1977 442 2044 ceciderit
461 2000 560 2064 smper
588 1979 729 2063 lapidem
755 1979 857 2046 istrum
885 1979 1129 2065 coafrimpctur:
1156 2001 1255 2064 caper

126 2103 223 2166 quem
244 2103 319 2148 vero
341 2081 502 2168 ceciderit,
526 2088 670 2151 conteret
690 2105 787 2150 eam»
812 2085 916 2150 omitti
939 2103 1074 2150 necesse
1098 2091 1176 2151 erat.

170 2204 384 2270 iuvencum
418 2191 555 2272 versus
583 2207 847 2291 praeteriisse
876 2209 968 2289 puto
996 2206 1088 2287 quia
1116 2211 1252 2273 versui

76 2311 322 2374 hexametro
345 2311 448 2374 haud
473 2311 615 2376 idonei
632 2314 763 2386 erant,
786 2310 1000 2394 praecipue
1016 2328 1252 2394 eosversus,

76 2413 149 2494 qui
172 2410 291 2476 muita
313 2414 473 2477 nomina
495 2414 655 2498 prop'ria
678 2413 898 2478 continent:

212 2531 434 2597 Intelleximus
457 2531 542 2598 hanc
564 2533 666 2600 tuisse
689 2554 787 2599 unam
810 2532 851 2598 de
872 2532 998 2598 duabus
1013 2535 1120 2599 oausIs
1137 2491 1252 2617 quibus

126 2641 291 2720 permotus
304 2637 463 2702 Iuvencus
474 2637 566 2701 Mtth.
580 2642 679 2722 caput
689 2639 827 2722 primum
838 2638 1066 2721 praetermisit.
1087 2636 1252 2704 Marcidus

126 2739 221 2803 affert
238 2739 374 2804 aiterum
391 2740 585 2826 exemplum,
600 2739 693 2805 Mtth.
710 2741 742 2804 X
758 2740 853 2826 2-4,
869 2742 902 2804 in
918 2760 981 2824 qno
997 2742 1107 2805 insunt
1121 2742 1252 2806 nomina

128 2841 354 2928 discipulorum
370 2844 454 2910 Iesu.
487 2843 578 2910 Idem
594 2844 793 2928 intellegitur
808 2864 825 2909 e
841 2842 932 2909 Mtth.
949 2844 1078 2909 XXVII
1094 2843 1135 2910 56
1151 2850 1184 2909 et
1198 2844 1249 2909 61.

170 2964 1251 3051 IuvencusfugitpierumquerepetIticnesuniuselus-

85 3071 253 3151 demque
287 3073 357 3135 rei.
406 3070 444 3133 In
478 3068 588 3134 bibliis
621 3071 723 3135 sacris
757 3074 793 3134 et·
823 3072 894 3154 ipso
928 3071 961 3134 in
989 3071 1158 3153 evangelio
1187 3089 1250 3135 uno

86 3173 273 3256 saepissime
297 3190 393 3236 unum
417 3171 567 3256 idemque
591 3175 694 3258 repeti
717 3194 812 3239 nemo
836 3180 886 3239 est
905 3177 959 3257 qui
975 3179 1082 3257 neget.
1106 3173 1251 3239 -Cum

86 3275 153 3340 fieri
173 3296 237 3341 non
258 3277 372 3360 possit,
402 3281 437 3340 ut
465 3279 574 3342 omnia
603 3277 753 3361 exempla
782 3277 929 3362 afferam,
958 3283 1089 3344 etauto
1117 3297 1250 3344 numero

87 3398 187 3462 pauca
208 3379 403 3462 gravissima
425 3379 604 3463 proteram:

209 3499 318 3563 Lucae
346 3520 375 3562 v.
399 3499 432 3564 II
460 3499 502 3563 52
531 3497 651 3565 «Iesus
676 3497 868 3582 proficiebat
893 3504 999 3567 aetate
1027 3505 1059 3567 et
1084 3501 1249 3584 capientia

130 3605 158 3666 et
174 3601 288 3687 pratia
312 3601 401 3685 apud
423 3603 519 3668 mam
535 3607 567 3667 et
580 3602 746 3670 homiues»
773 3604 931 3670 Iuvencus
947 3606 1091 3670 uoniam
1107 3609 1248 3692 respicit,

91 3699 96 3710 ’
129 3704 471 3790 quoch.v.1140‚
498 3709 532 3771 iu
559 3727 622 3790 quo
650 3706 736 3772 idem
765 3707 834 3773 iere
861 3708 979 3791 legitur
1008 3730 1112 3792 «pacr
1140 3714 1248 3777 autem

130 3808 285 3876 crescebat
311 3813 343 3873 et
369 3809 621 3894 comforiabatar
648 3810 815 3893 capiemtiu
843 3816 874 3877 et
892 3811 1008 3897 pratia
1031 3813 1155 3881 domiai
1176 3819 1250 3881 erat

130 3912 312 3996 camillo»,
335 3913 368 3976 in
391 3934 442 3977 vr.
466 3915 481 3978 Ι
505 3913 676 3978 278-280
699 3915 884 4000 explicavit.
949 3977 950 3982 ,

207 4016 393 4082 Matthaeus
416 4019 590 4084 memoriae
613 4017 713 4083 tradit
736 4018 862 4085 duobus
884 4019 965 4086 iocis
991 4021 1101 4105 verba,
1131 4021 1247 4104 quibus

131 4117 268 4184 Christus
291 4118 460 4204 discipulis
483 4123 550 4186 suis
572 4127 768 4206 potestatem
791 4129 999 4208 peccatorum
1020 4123 1246 4190 solvendorum

131 4228 180 4286 aut
201 4221 404 4306 ligandorum
432 4224 554 4310 tribuit,
578 4231 610 4289 et
632 4226 709 4291 XVI
734 4227 774 4291 19
803 4232 836 4291 et
857 4226 969 4291 XVIII
992 4228 1043 4293 18.
1088 4228 1247 4294 Iuvencus

131 4344 194 4389 cum
226 4345 355 4393 versum
382 4326 461 4391 XVI
492 4327 530 4391 19
563 4329 776 4413 explicaverit
802 4330 851 4394 Iii
879 4327 1060 4414 284-287,
1090 4334 1247 4416 praeterit

130 4427 225 4492 iocum
248 4429 360 4494 XVIII
385 4428 434 4511 18,
458 4431 512 4511 qui
536 4431 741 4512 quaerendus
764 4441 814 4496 est
836 4438 910 4516 post
932 4453 961 4496 v.
986 4434 1035 4496 iii
1058 4431 1130 4499 429.

1007 4532 1043 4591 3*
1055 4557 1057 4562 ·
