3046 5206
869 418 889 483 2

296 591 429 673 retinet,
461 596 571 656 tamen
597 609 802 673 nequaquam
829 591 899 657 eius
932 610 1062 656 carmen
1097 595 1147 656 est
1180 589 1365 673 translatio,
1399 592 1471 655 nisi

296 693 378 759 torte
402 694 472 776 quis
496 692 574 759 dicit
596 693 701 759 locum
724 693 808 758 huno
830 694 898 758 Iuv.
923 694 955 759 ll
979 693 1038 760 541
1065 714 1111 777 sq.
1121 693 1161 776 1);

420 795 511 862 «Lex
533 793 637 862 omais
659 817 819 863 stammam
843 795 1003 880 baptistae
1026 797 1071 864 ael
1093 801 1234 880 tempom
1256 795 1341 880 cepit

440 900 549 984 Atque
566 901 775 986 profetarum
797 899 877 982 fiais
894 900 1108 968 ⁴eoaclaclitar
1129 900 1231 966 idem»

256 1038 257 1042 =
295 1003 338 1070 ad
370 1005 504 1070 verbum
538 1024 610 1071 esse
644 1005 837 1078 translatum
865 1024 883 1070 e
910 1004 1002 1070 Mtth.
1025 1005 1073 1071 XI
1100 1005 1153 1071 13:
1190 1005 1319 1074 «πάντες
1346 1003 1403 1088 γὰρ
1434 1006 1469 1066 οἱ

294 1112 447 1192 προφῆται
470 1109 520 1171 καὶ
544 1107 560 1170 ὁ
580 1107 671 1190 νόμος
691 1107 751 1177 ἕως
767 1103 908 1170 Ἰωᾶννου
925 1107 1188 1192 ἐπροφήτευσαν».
1227 1107 1357 1173 Similes
1372 1107 1470 1174 10000

294 1226 375 1294 quos
398 1211 515 1277 afferre
538 1231 669 1296 possum
693 1211 817 1276 omitto.

374 1313 441 1392 oui
458 1314 499 1380 de
511 1314 592 1382 Gaio
604 1316 713 1381 Vettio
728 1313 880 1397 Aquilino
896 1313 1036 1380 Iuveneo
1053 1316 1121 1381 sive
1137 1315 1266 1381 brevius
1281 1316 1350 1382 sive
1365 1334 1467 1381 aceu-

294 1419 395 1484 ratius
407 1416 648 1504 soripseruntl),
664 1437 776 1484 omnes
790 1420 824 1482 in
836 1437 874 1482 οο
885 1418 1089 1484 consentiunt
1100 1418 1274 1486 Iuvenoum
1290 1420 1466 1484 materiam

294 1542 386 1588 suam
413 1524 553 1587 maxime
582 1521 715 1589 duxisse
742 1542 760 1588 e
788 1522 937 1588 versione
964 1524 1066 1589 latina
1097 1529 1130 1588 et
1157 1529 1281 1589 textum
1306 1543 1466 1607 graecum

292 1623 454 1690 interdurn
487 1626 700 1710 inspexisse(
736 1625 857 1692 Omnes
891 1630 1016 1712 autern,
1054 1629 1107 1710 qui
1142 1626 1253 1693 dlount
1284 1629 1466 1693 iuvencum

294 1727 456 1801 interdum
472 1734 563 1795 textu
579 1748 697 1812 graeco
713 1749 805 1795 usum
821 1749 903 1814 0000,
920 1728 1082 1796 Gebseri
1098 1732 1291 1797 auctoritate
1306 1732 1466 1816 nituntur,

248 1892 249 1895 ,
278 1834 346 1916 *qui
377 1851 488 1896 unum
521 1833 703 1918 exemplum
738 1833 834 1899 affert
867 1836 1048 1916 argumenti
1075 1853 1184 1900 causa.
1241 1834 1274 1900 Is
1309 1836 1392 1900 enim
1427 1837 1466 1901 in

293 1937 399 2020 eapite
427 1936 453 2000 B
488 1934 725 2003 dissertationis
734 1939 758 2020 3)
792 1937 847 2002 ubi
880 1942 1000 2003 tractat
1036 1937 1094 2003 cde
1121 1936 1269 2004 atilitute
1297 1937 1465 2023 eaeqetiea

293 2037 395 2105 haiae
416 2039 552 2124 epate»,
580 2039 658 2106 dicIt
680 2061 712 2124 p.
734 2040 789 2106 43:
821 2040 898 2106 «hoc
926 2060 1033 2106 traam
1058 2044 1191 2107 tantam
1213 2045 1479 2108 commemorare

264 2179 266 2188 ι
291 2143 451 2224 aciamus,
474 2143 653 2210 retinuisse
675 2143 856 2210 Iaaeacam
879 2142 938 2208 IV
956 2143 1025 2209 696
1044 2144 1197 2228 araceum
1219 2165 1333 2225 vocem,
1360 2165 1465 2228 qaam

292 2246 392 2314 eiiam
414 2245 511 2312 Mtte.
537 2246 685 2312 XXVII
701 2246 751 2312 48
773 2246 936 2330 adhibuit,
961 2247 1118 2330 σπόγγον
1142 2247 1228 2314 dico:

538 2389 579 2398 -
627 2350 721 2417 Taac
742 2351 889 2417 concitas
911 2370 1002 2417 aaas

444 2489 447 2501 ·
468 2453 607 2540 Coyebat
627 2475 775 2540 apoaqa
798 2455 889 2538 tarpi
910 2455 1099 2538 calamoque
1120 2454 1265 2521 revincto

466 2558 667 2643 Impressam
691 2558 790 2626 tabiis
813 2558 943 2625 acidam
960 2562 1077 2642 potare
1098 2578 1254 2642 oapmem.

377 2662 471 2731 Haec
503 2684 565 2729 voa
591 2683 676 2746 qaae
703 2661 785 2730 aiibi
814 2661 907 2728 iaaael
932 2665 1049 2743 eiectat,
1085 2661 1175 2727 testis
1203 2665 1251 2727 est
1276 2665 1463 2728 nostram

291 2767 422 2833 codice
461 2787 604 2852 yracco
647 2787 760 2833 eccam
803 2787 893 2832 0000.
953 2765 1048 2833 Itala
1085 2769 1117 2831 et
1159 2765 1301 2850 Vaiyata
1337 2763 1463 2832 tabeat

294 2869 482 2955 ‹spoaqian
521 2872 573 2936 Ita
593 2868 767 2936 Gebserus.
805 2869 884 2934 Cum
907 2888 942 2934 re
965 2889 1043 2934 vera
1065 2889 1129 2934 vox
1154 2887 1334 2953 ‹spongum
1352 2887 1462 2951 neque

291 2976 324 3038 in
340 2973 506 3040 codicibus
526 2978 602 3039 ante
617 2974 849 3058 Hieronymum
865 2992 969 3056 neque
984 2973 1017 3037 in
1029 2971 1170 3054 Vulgata
1185 2991 1290 3055 neque
1304 2989 1461 3054 umquam

291 3079 373 3144 alias
407 3079 440 3142 in
466 3079 582 3142 litteris
615 3077 724 3143 latinis
753 3078 944 3161 inveniatur,
980 3075 1143 3142 Gebserus
1171 3082 1259 3141 reete
1287 3093 1460 3159 argumen-

291 3186 378 3248 tatus
408 3187 465 3246 ost.
517 3182 589 3247 Vox
619 3181 793 3266 «spongia»
822 3181 856 3245 in
878 3187 977 3246 versu'
1000 3179 1188 3245 hexametro
1215 3177 1363 3245 adhiberi
1391 3199 1459 3246 non

291 3291 406 3371 potest,
423 3286 486 3350 nisi
501 3284 583 3350 forte
599 3285 815 3350 nominativus
831 3285 1004 3367 singularis
1018 3285 1155 3368 ponitur.
1182 3281 1250 3348 Sed
1266 3283 1298 3346 in
1313 3282 1459 3347 carmine

291 3387 498 3472 disquirendo
519 3388 584 3454 alia
606 3388 756 3473 exempla
778 3389 896 3472 inveni,
919 3405 1002 3470 quae
1025 3386 1099 3453 huia
1114 3387 1160 3450 rei
1176 3390 1366 3468 argumento
1381 3387 1457 3450 sint.

377 3661 396 3727 1)
415 3660 544 3716 ilumeris
564 3676 631 3715 usus
651 3677 712 3715 sum
730 3660 872 3718 Huemeri.
1313 3721 1316 3734 Δ

376 3749 397 3816 2)
415 3747 535 3802 Nomina
553 3764 650 3826 eorum
669 3749 717 3818 qui
733 3748 769 3803 de
786 3750 912 3809 luvenco
930 3747 1103 3817 scripserunt
1116 3746 1340 3815 scriptorumque
1352 3745 1456 3816 quibus

290 3834 325 3890 de
344 3850 378 3889 eo
398 3833 492 3903 agitur
509 3834 687 3902 reperiuntur
705 3835 733 3888 in
751 3831 794 3888 his
813 3833 906 3889 libris:

380 3921 407 3990 a)
426 3919 700 3991 Realeaeylclopc'idie
722 3923 774 3992 fiir
791 3920 1027 3991 protestantieclte
1054 3920 1201 3991 Theoloyie
1225 3937 1253 3977 a.
1279 3920 1386 3976 Kircie
1404 3919 1456 3974 IX
1508 3957 1511 3966 ι

427 4024 449 4064 a.
467 4025 491 4063 a.
509 4008 650 4064 Iaaeacaa
668 4007 861 4080 (Leimbaclr);

379 4094 408 4163 b)
427 4095 697 4162 Bardenhewer‚
717 4094 890 4168 Petroloaia
910 4094 1052 4165 Freibary
1070 4095 1089 4150 i.
1109 4095 1161 4150 Ba
1181 4097 1249 4150 1901
1263 4113 1293 4164 p.
1306 4097 1379 4172 γ368;
1439 4151 1442 4162 ,

381 4185 407 4252 0)
426 4182 552 4236 Martin
571 4181 718 4251 Sohann,
740 4181 838 4237 (lescle.
855 4182 882 4238 d.
894 4185 963 4238 rim.
976 4182 1109 4236 Litterat.
1123 4181 1174 4237 IV.
1191 4182 1222 4236 Τ.
1235 4181 1453 4248 ia‚,Haaclbacla

428 4270 478 4324 der
496 4269 594 4324 Klase.
614 4269 983 4340 Altcrtamswieseaacltaft“
1006 4268 1089 4323 VIII.

375 4359 397 4424 8)
421 4355 568 4422 Gebser,
601 4351 633 4411 de
665 4355 735 4411 Gaii
766 4354 850 4411 Vettii
877 4355 1007 4424 Aquiliai
1034 4355 1161 4410 Iaoeaei'
1182 4355 1242 4410 uita
1274 4358 1300 4410 et
1331 4354 1452 4425 scriptis,

288 4441 377 4496 ‚Ieaae
397 4445 472 4496 1827.
