3046 5206
532 451 733 548 A„

121 623 306 706 Iuvencus,
330 621 416 705 qnod
438 622 489 687 III
512 622 590 688 425:
623 621 723 687 «Sed
748 621 784 687 si
807 621 999 688 discutiet
1021 620 1219 690 doctorum

7 728 172 812 frena
200 725 386 791 duorum»
417 723 524 791 reddit
549 723 642 789 Mtth.
672 724 785 790 XVIII
816 726 854 791 17
891 725 1066 807 «Quodsi
1095 730 1132 791 et
1158 747 1220 791 eos

8 838 124 894 uon·
143 827 338 894 audierit
360 879 366 892 .
392 880 397 891 .
423 878 429 890 .
455 855 499 911 .»,
525 835 601 893 ante
624 829 734 895 oculos
755 827 899 895 habebat
922 850 1039 913 equum
1062 830 1217 914 ferocem,

9 937 73 1000 cui
103 936 273 1017 quamvis
296 932 359 998 duo
383 932 476 998 frena
499 931 686 1016 adhibeant7
714 939 823 997 tamen
849 953 889 999 ca
914 933 1055 1000 discutit.
1101 933 1218 999 Statim

8 1035 258 1103 recordamur
286 1036 409 1120 Vergili
439 1036 544 1102 locum
573 1036 618 1102 VI
651 1036 721 1118 100,
755 1057 818 1119 quo
852 1036 893 1102 de
926 1036 1052 1122 Sibylla
1086 1036 1217 1105 dIcitur:

16 1169 46 1206 ‹<,
77 1192 86 1206 .
120 1193 129 1207 .
163 1186 173 1204 .
201 1160 240 1206 ea
261 1141 385 1224 freua
406 1138 537 1224 surculi
561 1137 749 1206 Coucutit
772 1190 778 1204 .
804 1192 811 1207 .
836 1192 843 1207 .
868 1191 874 1203 .
899 1139 1053 1224 Apollo».

174 1278 411 1361 Evangelistac
432 1276 524 1341 Muh.
549 1278 651 1343 verba
673 1277 753 1341 XXI
773 1277 810 1342 21
840 1303 867 1341 a.
891 1326 899 1342 .
924 1329 930 1342 .
956 1329 962 1342 .
987 1279 1044 1345 scd
1063 1280 1094 1344 si
1116 1279 1220 1346 moaci·

68 1381 164 1449 huic
184 1381 341 1448 diauitis
358 1380 499 1448 «Tolle
514 1385 550 1446 ct
570 1380 682 1448 iacta
705 1385 740 1446 tc
761 1381 805 1447 iu
826 1403 969 1463 mare»,
992 1383 1091 1468 fiet»,
1112 1382 1220 1448 reddit

69 1490 254 1553 Iuvencus
276 1506 327 1550 vv.
351 1486 402 1550 III
425 1484 561 1570 cossio:

176 1633 213 1670 «.
241 1659 248 1674 .
273 1657 279 1671 .
304 1656 311 1671 .
337 1658 344 1690 ,
367 1607 423 1672 scd
443 1606 564 1673 mouiis
586 1607 673 1673 celsa
693 1606 808 1673 recelli

204 1709 402 1777 Oredeutua
424 1710 519 1776 uerbo
535 1713 695 1794 poteraut
715 1711 878 1795 tradisque
895 1711 1082 1796 profundi»

78 1831 336 1919 amplificatque
358 1853 387 1896 v.
412 1833 491 1899 671:

81 1954 210 2022 «Cum
234 1953 357 2020 silvis
374 1953 538 2038 pariter
560 1954 750 2038 saxisque
771 1953 951 2039 ferisque
972 1953 1175 2040 recopdi».

125 2095 173 2158 In
191 2095 565 2174 amplificationum
582 2095 833 2174 poeticarum
857 2110 1016 2156 numero
1044 2090 1218 2156 reteren-

43 2196 111 2263 dae
139 2205 240 2263 sunt
262 2199 380 2260 etiam
400 2199 501 2262 solis
525 2201 636 2263 ortus
658 2201 695 2258 et
714 2214 880 2262 occasus
903 2198 1218 2278 descriptiones,

46 2321 142 2384 quac
168 2301 402 2384 exprimunt
423 2298 542 2364 verba
566 2299 843 2381 evangelistae
867 2299 1066 2383 simplicia
1093 2299 1218 2364 veluti

49 2406 207 2471 «altera
238 2408 372 2470 autem
399 2402 484 2468 dic»
515 2403 578 2467 vel
614 2422 794 2486 «uespere
827 2405 960 2468 autem
993 2403 1121 2488 facto»
1158 2403 1219 2468 vel

54 2510 205 2574 similia.
265 2506 465 2572 Interdum
499 2507 696 2572 Iuvencus
734 2507 770 2570 in
808 2504 868 2570 his
901 2506 1114 2589 Vergilium
1152 2511 1219 2571 aut

56 2612 148 2680 allos
170 2617 317 2697 poetas
340 2612 531 2676 Imitatur.
575 2611 707 2676 Iuvenci
730 2629 843 2674 versus
866 2610 911 2674 IV
934 2608 1069 2694 586187:

70 2731 229 2799 «Sidera
253 2731 332 2798 iarn
357 2731 440 2797 luci
462 2730 682 2796 couccduut
702 2733 739 2795 et
759 2729 931 2813 rapidus
952 2730 1010 2797 sol

91 2834 358 2922 Propreditur
379 2833 514 2900 radiis
537 2837 669 2901 terras
697 2833 1000 2917 trepidantibus
1026 2833 1215 2922 impleas»

62 2981 208 3041 exornant
236 2973 332 3040 Mtth.
359 2973 460 3039 verba
488 2974 616 3040 XXVII
648 2974 661 3037 l
696 2971 839 3040 «Marce
865 2977 995 3040 autem
1021 2973 1151 3058 facto»
1186 2978 1219 3037 et

64 3097 165 3146 versus
185 3079 236 3143 III
260 3077 396 3164 224125:

90 3213 325 3283 «Oouueaeura
348 3215 530 3299 quotieas
551 3214 712 3281 claudit
731 3234 814 3281 aaa
837 3213 998 3281 bumida
1020 3213 1172 3281 caelum

110 3317 148 3384 Si
167 3320 287 3386 ruber
310 3319 504 3404 astrifero
521 3318 704 3403 procedit
723 3338 862 3403 vcspcr
885 3317 1066 3402 Olympo»

80 3455 212 3513 exornant
239 3450 331 3515 Mtth.
360 3449 439 3515 XVI
466 3448 501 3516 2:
533 3443 640 3514 «cua's
667 3468 762 3516 sero.
779 3449 933 3534 factura
959 3446 1126 3532 fuerit»,
1155 3466 1217 3530 quo

26 3573 27 3586 κ
81 3545 135 3611 laco
153 3551 306 3619 Iuvencus
328 3553 506 3637 Vergilium
530 3553 683 3635 sequitur.

151 3686 192 3751 lli
225 3710 344 3775 supra
384 3689 656 3756 intelleximus
694 3689 903 3754 Iuvencum
946 3687 1059 3771 plura
1099 3707 1217 3753 evan-

89 3784 228 3861 gelistae
260 3794 381 3859 verba
414 3791 638 3859 reddidisse
677 3810 959 3874 nonnumquam
996 3810 1090 3856 voce
1127 3811 1217 3875 una,

89 3883 133 3948 ita
150 3894 252 3961 multo
275 3900 433 3982 saepius
456 3895 678 3982 amplificat
700 3896 762 3960 vcl
785 3900 1080 3962 exornatunam
1097 3915 1216 3962 evan·
1249 3901 1251 3908 '

94 3992 231 4064 relictae
253 4019 391 4067 vocem
415 4003 600 4082 pluribus
624 4003 760 4066 verbis
783 4003 971 4082 poeticis.

159 4128 262 4198 Vocem
285 4136 574 4220 «prophetare»
599 4139 655 4202 Lc.
678 4137 695 4202 Ι
718 4136 759 4202 67
786 4135 894 4201 reddit
918 4137 1077 4202 Iuvencus
1099 4136 1116 4201 Ι
1140 4137 1217 4202 116:

98 4243 233 4300 «cauere
251 4240 409 4307 venturi
431 4241 588 4308 couscia
611 4240 755 4308 dicta».
778 4277 819 4286 -
842 4241 962 4306 Vocem
988 4238 1215 4308 «oboedire»

96 4323 171 4392 llllh.
195 4335 265 4404 V111
293 4345 331 4410 27
365 4345 598 4410 circumscribit
631 4344 698 4409 Iuv.
733 4344 767 4407 II
800 4343 852 4427 42,
885 4342 1043 4428 procellas
1076 4342 1218 4409 humana

102 4434 186 4506 specie
204 4439 330 4532 induens,
356 4447 501 4514 «uiuis
523 4446 758 4513 submittere
773 4447 910 4512 colla».
927 4446 1104 4511 -Vocem
1120 4466 1217 4512 unam
