3046 5206
629 483 666 549 51

98 691 100 695 -
146 635 275 716 Eodem
299 650 395 717 modo
409 655 593 737 transponit
609 655 784 737 Iuvencus,
802 651 889 736 quod
904 652 992 738 apud
1007 652 1098 746 Mtth.
1115 636 1181 718 XII
1197 654 1238 718 37

52 751 205 820 dicitur:
232 753 313 820 «Ea
335 753 442 821 aeriis
464 754 552 822 enim
581 755 648 822 inis
669 754 904 838 iustificaberis
926 760 958 822 et
978 777 1019 822 era
1045 755 1152 822 aeriis
1175 755 1242 822 inis

52 856 346 939 condemnaberis,
369 859 401 923 ΙΙ
425 859 584 945 635163θι

154 978 158 986 “
223 977 432 1045 «Verberant
453 979 581 1045 meritis
602 979 711 1046 veniet
731 979 792 1046 aab
814 979 1049 1063 indicepoena

178 1096 182 1102 ’
234 1081 425 1148 .Veriornnr
446 1082 574 1149 naeritis
595 1083 705 1150 veniet
725 1083 785 1150 aaa
808 1081 917 1150 indice
938 1083 1042 1151 cita.»

56 1204 333 1284 Sabatierus1)
363 1202 452 1269 haud
480 1210 569 1272 recte
596 1204 714 1271 secisse
743 1203 822 1269 mihi
850 1204 988 1290 videtur,
1017 1204 1104 1288 quod
1126 1225 1240 1270 versus

56 1310 103 1372 ita
139 1309 339 1392 transponit,
380 1313 414 1373 ut
447 1313 625 1392 congruant
663 1327 735 1373 cum
774 1308 987 1392 evangehsta.
1030 1308 1238 1374 ·Gonsulto

56 1412 378 1496 transponit'poeta,
401 1415 437 1475 nt
457 1413 595 1476 versus
617 1411 706 1478 634:
732 1416 788 1478 «et
809 1413 901 1479 mala
920 1411 1047 1496 letifero
1057 1411 1242 1496 procedant

57 1535 112 1584 ore
140 1533 300 1582 vennae»
336 1521 369 1580 et
398 1514 460 1580 635
497 1513 704 1583 «Verberon
736 1515 864 1584 meritis
899 1515 1005 1582 reniet
1032 1515 1096 1592 ‚enh
1117 1515 1240 1583 ⁴indice

54 1637 194 1702 poena»
219 1618 317 1684 bene
340 1619 442 1684 inter
465 1638 505 1684 se
529 1618 782 1697 cohaereant.
830 1655 831 1658 =

145 1741 244 1808 Nunc
266 1738 543 1824 transgrediamur
566 1739 609 1805 ad
632 1741 949 1808 observationes
972 1741 1189 1825 singulas:

146 1861 393 1946 Saepissime
415 1861 634 1928 invenimus
661 1860 764 1947 apud
792 1862 1082 1946 evangelistam
1111 1867 1240 1947 pauca

61 1965 186 2034 verba
208 1970 318 2030 recta
339 1967 568 2031 narrationi
589 1966 824 2032 intermixta
846 1966 975 2032 veluti
998 1967 1083 2031 sivo
1105 1967 1240 2032 iussus

61 2069 143 2132 sive
162 2067 472 2135 adhortationes
488 2071 574 2135 sive
589 2089 731 2155 preces
747 2071 832 2136 sive
847 2070 1118 2154 quaestiones,
1142 2089 1239 2152 quae

59 2169 260 2238 Iuvencus
282 2173 513 2259 plerumque
536 2176 639 2240 iacit
661 2177 882 2256 pendentia
904 2193 924 2238 a
946 2172 1078 2240 verbis
1106 2171 1240 2246 sinitis

60 2267 197 2369 iubendi
217 2275 283 2344 'veli
305 2274 500 2342 adhortandi
528 2276 581 2342 vel
607 2275 763 2362 precandi
790 2277 842 2342 vei
874 2275 1051 2360 quaerendi
1073 2281 1118 2340 et
1147 2288 1238 2346 oon·

60 2379 197 2462 iungit
225 2384 291 2446 aut
320 2399 403 2448 cum
432 2384 673 2448 accusativo
702 2400 783 2446 cnm
812 2384 1026 2446 infinitivo
1061 2383 1126 2446 aut
1158 2399 1239 2445 eum

64 2486 150 2549 «nt»
190 2501 278 2554 cum·
307 2486 571 2559 coniunctivo
609 2490 675 2548 aut
708 2502 794 2551 curn
834 2487 1098 2556 coniunctivo
1135 2487 1238 2552 solo.

62 2587 259 2662 iuvencus
282 2606 380 2670 ergo
404 2591 634 2654 orationem
659 2591 811 2653 rectam
834 2590 933 2654 iacit
953 2590 1238 2662 narrationem.

148 2707 289 2772 Iussus
333 2707 395 2772 vel
439 2705 741 2773 adhortationes
792 2707 896 2792 apud
945 2707 1239 2792 evangelistam

63 2809 199 2875 verbis
221 2811 345 2876 rectis
368 2809 508 2879 traditi
528 2808 702 2895 pendent
722 2809 825 2895 apud
845 2811 1057 2880 iuvencum
1080 2811 1239 2878 averbo

65 2909 185 2979 finito
208 2912 369 2979 iubendi
392 2913 453 2981 vel
476 2911 734 2980 adhortandi:

151 3032 246 3112 Quod
269 3033 417 3100 Herodes
439 3035 545 3118 Magis
567 3034 798 3119 quaerentibus
820 3037 966 3126 oratione
989 2985 1079 3101 recta
1093 3033 1236 3100 mandat

70 3133 146 3208 «Ite
175 3140 207 3203 et
233 3136 436 3223 interrogate
463 3137 640 3224 diiiaenter
667 3136 706 3203 de
727 3159 841 3222 pnera,
871 3143 903 3205 et
929 3159 1003 3206 ann
1029 3137 1237 3226 inveneritis,

69 3239 261 3430 {emite
287 3239 380 3322 nihi,
410 3245 449 3308 nt
475 3262 531 3327 epa
549 3240 693 3370 ueniens
720 3242 850 3312 odaren
878 3263 974 3310 anna
1006 3241 1113 3316 reddit
1140 3248 1239 3328 poeta

154 3464 275 3532 «Hinc
296 3463 408 3530 inhet
430 3464 577 3530 Herodes
597 3464 720 3532 Persae
737 3466 973 3549 pertendere
992 3469 1141 3550 prestun

180 3566 424 3651 Inventnnqne
446 3566 511 3633 aiii
533 3573 761 3635 monstrare
782 3569 988 3636 colendam».
1022 3583 1024 3589 “
1139 3567 1140 3572 ’

153 3687 277 3766 Quibus
299 3688 407 3754 verbis
431 3688 577 3753 Christus
599 3691 833 3774 poenitentiam
859 3688 1039 3775 praedicat,
1069 3709 1109 3755 ea
1137 3688 1238 3754 tradit

72 3785 253 3858 Matthaeus
277 3793 427 3858 oratione
450 3797 540 3857 recta
562 3792 607 3857 IV
633 3793 687 3858 17:
720 3792 988 3860 «Paenitentiam
1009 3791 1098 3878 ¹epita
1121 3818 1237 3876 ....»,

73 3908 140 4057 {aum
162 3896 322 3964 Iuvencus
344 3915 384 3960 ea
407 3893 583 3981 pendentia
597 3895 730 3963 *faciens
759 3896 801 3964 do
824 3896 988 3964 ,vocabulo
1013 3895 1234 3964 ‹nanntieta

95 3995 157 4064 'cat
178 3999 194 4063 Ι
216 3998 353 4086 41912οε

140 4173 144 4182 .
193 4119 308 4206 «Erpa
330 4118 491 4186 inetare
514 4117 566 4210 dei
587 4119 762 4205 repnentie
783 4139 925 4187 manere
948 4116 1098 4186 Christos

218 4221 399 4291 Nuntiat
418 4221 624 4305 increpitans
641 4222 822 4307 praeconia
846 4223 943 4310 torpa
964 4222 1121 4290 eninm».

76 4390 268 4406 Ἃ

156 4494 427 4565 maman
