3046 5206
331 4349 363 4423 V-
333 3732 364 3995 Marcus
333 3633 364 3689 V
334 2768 366 3085 iuvencus
335 2675 364 2722 n
315 2410 383 2417 Ι
334 1848 364 2222 Matthaeus
333 1673 364 1804 vlu
333 994 366 1205 Lucas
334 820 365 948 Vin

432 4360 458 4389 1

469 4073 496 4244 maris
469 3958 496 4014 in
468 3615 503 3905 regionem
467 3384 495 3559 Gera—
470 3071 495 3312 steterat
469 2925 496 3028 sub
469 2721 496 2887 litore
468 2449 503 2686 puppisr,
469 2175 496 2381 fretum
469 2072 496 2128 in
470 1738 504 2028 regionem
470 1520 497 1695 Gera—
469 1379 496 1450 ad
469 1051 503 1342 regionem
468 589 503 1025 Gerasenorum,

520 3964 539 4244 senorum.
520 2116 539 2378 senorum
518 1306 545 1452 quae
513 1180 538 1269 est
513 943 539 1144 contra
510 589 538 919 Galilaea-m-

565 4185 590 4244 et
563 3937 590 4161 exeunti
563 3860 589 3912 ei
562 3771 589 3842 de
570 3600 589 3751 nave
563 3384 589 3577 statim
564 3106 591 3316 44—46
571 3078 589 3091 z
563 2916 590 3067 Ecce
562 2802 590 2904 sed
570 2558 597 2791 egresso
562 2524 588 2546 i
571 2450 588 2513 u-
566 2011 591 2380 ocem-rerunt
564 1892 591 1943 ei
565 1784 591 1821 d
573 1736 591 1774 u
573 1694 592 1724 ο
564 1594 591 1630 h
573 1553 591 1583 o
580 1519 585 1539 —
565 1383 591 1450 27
571 1353 589 1367 ε
565 1275 589 1334 et
570 1140 589 1264 cum
563 914 590 1126 exisset
562 828 590 904 ad
565 587 596 816 terram,

605 3996 635 4244 occurrit
605 3909 632 3961 ei
605 3801 632 3873 de
605 3383 633 3760 monumentis
614 3238 632 3270 υ
615 3199 632 3226 e
606 3113 632 3185 ni
614 3072 632 3100 8
621 2986 625 3053 —
605 2712 633 2966 mirabile
605 2536 633 2692 dictu
620 2449 624 2517 —
616 2325 634 2380 m
608 2294 634 2315 i
617 2208 635 2284 ne
616 2166 635 2194 ε
608 1853 635 2132 habentes
606 1517 634 1817 daemonia
605 1202 633 1451 occurrit
605 1107 632 1186 illi
614 1057 632 1089 v
605 1023 632 1044 i
614 979 631 1011 r
614 922 639 954 q
614 873 632 911 u
605 841 632 862 i
605 793 632 830 d
614 745 632 781 a
613 679 631 734 m
604 589 632 660 de

649 4210 676 4244 h
657 4168 675 4197 o
657 4101 675 4156 m
657 4061 675 4090 ο
648 3963 675 4019 in
648 3723 682 3924 spiritu
648 3384 676 3687 immundo-
649 3038 684 3313 Occurrit,
649 2742 676 3006 miseram
649 2623 676 2714 cui
657 2448 676 2599 men—
650 2308 677 2380 de
651 1897 678 2272 monumentis
651 1589 677 1860 exeuntes
648 1215 675 1451 civitate
648 1066 682 1160 qui
646 768 675 1022 habebat
647 589 674 724 dae-

694 2878 719 2992 tem
691 2609 726 2840 spiritus
693 2446 718 2572 ater
691 1205 719 1453 monium
689 802 725 1172 (temporibus
690 588 717 778 multis

734 3022 762 3314 Immunda
733 2721 769 2995 implebat
733 2448 760 2701 laterans
736 1392 761 1451 et
734 956 761 1358 vestimentum
741 808 760 920 non
732 589 760 783 indue—

777 2716 804 2929 virtute
776 2450 803 2677 furoris-
776 1262 809 1453 batur)

829 4149 864 4243 qui
828 3765 856 4104 domicilium
828 3474 856 3726 habebat
828 3383 855 3440 in
830 3081 856 3316 47—48:
828 2933 854 3021 Illi
830 2709 863 2878 grata
827 2447 855 2649 domus
830 2217 856 2380 saevi
829 1983 863 2165 nimis,
830 1849 856 1930 ita
832 1730 856 1794 ut
837 1520 857 1685 nemo
836 1269 862 1451 neque
828 1154 854 1212 in
827 925 854 1094 domo
825 586 860 870 manebat,

872 3852 900 4244 monumentis-
873 3748 899 3806 et
879 3521 906 3703 neque
879 3384 898 3477 ca-
871 3100 898 3264 tetris
870 2814 910 3076 habitare
870 2449 906 2788 sepulchris3
873 2197 907 2382 possit
873 1893 900 2136 transire
881 1728 907 1830 per
873 1520 900 1676 viam
870 1347 897 1450 sed
870 1256 897 1312 in
869 818 901 1218 monumentis3

915 4098 942 4245 tenis
915 3925 941 4039 iam
914 3570 948 3865 quisquam
922 3384 941 3510 eum
913 3197 940 3316 Nec
915 2931 947 3163 poterat
913 2637 947 2899 rapidum
912 2450 947 2599 quis-
916 2213 943 2383 illam,

958 4067 992 4245 ligare
959 3785 991 4031 poterat,
963 3032 990 3199 quam
957 2752 983 2997 retinere
956 2449 989 2715 furorem,

1009 3979 1044 4242 quoniam
1016 3780 1042 3952 saepe
1007 3382 1042 3749 compedibus
1010 3079 1037 3317 49—52:
1008 2834 1035 3032 Fortia
1007 2660 1042 2792 quin
1007 2450 1034 2622 etiam
1008 1357 1035 1450 29:
1026 1305 1033 1318 -
1027 1263 1033 1277 -
1026 1227 1032 1240 -
1026 1187 1033 1201 -
1004 817 1041 1160 alligabatur
1004 588 1032 794 etenim

1054 4185 1079 4242 et
1051 3908 1079 4125 catenis
1051 3623 1077 3851 vinetus
1050 3382 1077 3563 disru-
1049 2885 1085 3187 rumpebat
1050 2619 1077 2851 vincula
1050 2447 1077 2584 ferri
1049 1232 1076 1448 catenis
1051 1118 1076 1177 et
1046 703 1082 1071 compedibus
1049 584 1074 650 ut

1095 4063 1129 4245 pisset
1096 3794 1121 4027 catenas
1096 3710 1120 3768 et
1093 3381 1127 3685 compedes
1093 2892 1127 3314 Scindebatque
1100 2600 1127 2812 graves
1094 2447 1119 2511 ut
1113 1515 1115 1522 -
1091 1067 1119 1448 custodiretur
1094 989 1119 1048 et
1090 584 1125 975 disrumpebat

1137 3805 1170 4241 comminuisset,
1137 3703 1170 3785 (et
1144 3507 1163 3672 nemo
1144 3381 1170 3482 po—
1135 2869 1162 3036 lanea
1134 2737 1162 2834 fila.
1137 2450 1169 2701 catenas-
1134 1219 1161 1450 vincula
1154 1168 1161 1182 -
1153 1117 1161 1131 .
1153 1063 1160 1077 -
1154 1011 1160 1026 -

1182 4092 1207 4244 terat
1188 3930 1207 4056 eum
1178 3621 1212 3894 domare)-
1178 3239 1205 3315 Et
1178 3070 1204 3182 iam
1178 2648 1212 3016 compedibus
1177 2449 1204 2595 levis

1220 2687 1247 2959 insultare
1220 2448 1247 2649 solutis

1263 3123 1290 3316 Ludus
1265 2960 1290 3086 erat
1282 2911 1289 2924 -
1283 2861 1289 2873 -
1282 2806 1289 2821 -
1282 2753 1289 2767 -

1301 4146 1334 4242 (Et
1307 3889 1333 4110 semper
1299 3684 1326 3853 nocte
1304 3579 1324 3647 ac
1296 3462 1323 3553 die
1296 3382 1323 3438 in

1341 3867 1369 4241 monumentis
1343 3772 1368 3830 et
1340 3693 1366 3749 in
1339 3381 1367 3667 montibus
1358 3227 1360 3232 -

1386 4116 1409 4240 erat
1386 4014 1408 4071 et
1383 3694 1414 3966 clamans)
1384 3583 1406 3640 et
1389 3383 1406 3536 oon-
1383 3219 1410 3315 52:
1381 2982 1411 3174 Ludus
1384 2819 1412 2943 erat
1383 2453 1423 2786 Sami-sque

1422 4007 1451 4242 cidenas?
1432 3904 1451 3970 86
1423 3494 1459 3866 lapidibus-
1426 2455 1470 3320 ferumconciderepectus·

393 4168 1037 4284 ¹131:
428 3845 453 4126 venerunt
427 3643 452 3802 trans
425 3383 452 3589 fretum
427 3146 454 3243 43:
426 2940 453 3058 Iam
426 2451 454 2870 Gerasenorum
428 2284 454 2380 28:
427 2167 453 2242 Et
435 2005 453 2130 cum
427 1711 454 1969 venisset
429 1519 454 1678 trans
428 1357 454 1454 26:
426 830 461 1303 Enavigaverunt
428 589 453 779 autem
