3046 5206
639 465 680 531 55

48 634 256 717 paratexim
284 633 440 700 adhibent
468 653 563 719 quam
590 634 792 721 hypotaxim.
835 633 975 702 'luvenui
1003 633 1060 700 illa
1087 633 1240 700 narrandi

51 737 141 802 ratio
167 743 360 823 opportune
383 738 525 825 obvenit,
554 757 626 805 uum
654 741 687 804 in
715 741 858 806 carmine
881 741 974 825 epioo
997 757 1124 822 quoque
1147 758 1240 823 para·

50 842 143 905 taxis
183 846 407 926 anteponatur
441 841 608 928 hypotaxi.
663 841 812 928 Exempli
847 861 947 908 eausa
980 841 1098 908 afferro
1136 841 1241 907 loourn

50 945 63 1007 l
92 942 294 1010 107-1122
868 991 869 996 η

146 1071 177 1109 «.
208 1095 217 1111 .
244 1094 251 1111 .
276 1097 283 1110 .
308 1046 363 1114 Ad
379 1052 502 1130 partae
523 1049 650 1134 famam
671 1050 804 1116 oolleda
826 1048 982 1115 cucurrit

172 1149 298 1217 Turba
316 1151 590 1238 propinquorum,
615 1157 684 1243 tum
704 1152 832 1238 paudia
853 1151 941 1218 mira
961 1152 1150 1237 frequenter

173 1251 419 1321 Couoelebraut
439 1273 621 1340 uomeuque
642 1255 760 1324 iubeat
778 1254 939 1340 qeuiteris
962 1253 1091 1321 dadae

171 1355 312 1423 Abuuit
333 1359 388 1424 doe
408 1359 570 1444 demetria,
593 1360 649 1426 sed
671 1359 841 1427 rodamus
861 1357 1036 1425 vomatur.

171 1459 381 1545 Iupemiuat.
421 1461 565 1529 Placuit
585 1463 671 1530 muti
694 1467 774 1530 tuma
795 1462 889 1530 iussa
906 1462 1061 1546 parentis

172 1561 366 1650 Gauratae,
389 1565 571 1650 scriptoque
594 1571 715 1651 ropaut
736 1566 859 1633 edicere
880 1586 1026 1633 uomere.»

56 1667 235 1732 interdum
275 1675 381 1735 autem
420 1672 511 1754 ponit
547 1674 581 1735 in
619 1672 866 1736 construetionis
907 1672 1128 1755 parataetieae
1170 1671 1240 1736 loeo

56 1767 310 1854 hypotaetieam
334 1775 509 1858 praecipue
531 1775 572 1839 iis
593 1775 673 1840 loeis
688 1775 806 1858 quibus
820 1775 1016 1841 constructio
1032 1773 1241 1860 hypotuotioa

59 1872 309 1954 quodammodo
332 1875 429 1942 faeile
451 1878 525 1962 ipsa
549 1880 696 1962 oeourrit,
719 1879 819 1944 veluti
842 1879 874 1942 ll
900 1877 1083 1946 127-129:

248 1977 411 2047 «Interea
437 1979 595 2047 thalamis
617 1981 759 2049 oouubia
780 1983 866 2066 festa
883 1981 1057 2066 parabant

271 2081 470 2169 Iurepioue
494 2082 639 2151 Ohauau
660 2135 669 2166 ,
693 2084 763 2152 ulti
786 2134 793 2150 .
819 2137 825 2148 .
850 2134 858 2151 .
882 2111 909 2149 .>›

59 2203 131 2248 eum
158 2187 368 2270 evangelista
389 2187 478 2254 dieat
501 2189 569 2255 Ioh.
586 2190 619 2255 Il
645 2190 676 2257 l:
699 2188 748 2254 Et
767 2189 907 2272 uuptiae
928 2189 1038 2274 fartae
1059 2192 1142 2256 suut
1157 2238 1163 2253 .
1181 2237 1188 2254 .
1205 2237 1238 2269 .‚

59 2291 95 2352 et
117 2293 327 2356 eratmater
349 2290 428 2359 Iesu
450 2290 543 2358 ibi».
690 2367 694 2374 .

149 2393 402 2478 Saepissime
442 2397 695 2462 inveniuntur
733 2398 771 2462 in
807 2396 954 2464 Christi
993 2395 1240 2463 orationibus

60 2499 280 2562 enuntiata
302 2499 601 2582 interrogativa.
648 2498 756 2576 Quae
784 2519 867 2566 oum
895 2500 1240 2584 interrogationes

60 2604 203 2685 speeie
239 2604 440 2688 positivae
474 2602 698 2687 plerumque
732 2601 909 2668 habeant
939 2622 1092 2670 ,sensum
1121 2622 1238 2685 nega-

60 2706 207 2788 tivum,
242 2704 429 2790 adaequant
463 2706 663 2771 enuntiatum
692 2725 727 2788 re
756 2716 840 2771 vera
862 2706 1058 2789 negativum.
1104 2710 1240 2788 ltaque

62 2813 294 2878 redduntur
321 2829 342 2875 a
370 2814 541 2877 iuvenco
571 2797 795 2877 enuntietis
825 2814 1046 2894 negativisz

152 2916 371 2997 Interrogatio
400 2913 492 2979 Mtth.
516 2914 620 2979 Vll9
653 2913 750 2980 «Aut
774 2913 864 2999 quis
890 2917 946 2979 est
972 2935 988 2978 e
1014 2911 1104 2979 uobis
1137 2912 1237 2995 lromo,

65 3035 160 3096 quem
182 3016 214 3082 si
228 3017 366 3100 petierit
377 3015 471 3099 pilius
485 3037 567 3084 suus
576 3037 709 3101 pauem
730 3017 925 3101 numquid
942 3015 1082 3100 lapidem
1091 3016 1241 3102 porriget

66 3116 142 3182 ae»
170 3119 317 3187 redditur
340 3142 360 3187 a
383 3122 523 3187 Iuvenoo
546 3123 562 3187 Ι
584 3121 647 3185 670
671 3123 837 3186 enuntiato
860 3121 1028 3204 negativo:

226 3223 310 3290 «Vos
333 3224 479 3292 homiues
499 3224 592 3292 uatis
609 3245 732 3310 partem
753 3223 963 3308 poematibus
984 3243 1093 3290 omues

244 3327 332 3395 Nou
355 3328 496 3413 lapidem
518 3328 669 3395 dabitis
692 3378 698 3393 .
724 3378 731 3393 .
756 3378 763 3392 .
788 3354 814 3392 .>›
1012 3339 1015 3346 '
1082 3351 1084 3356 ·

68 3429 150 3496 Item
174 3430 283 3497 reddit
306 3433 590 3516 interrogationem
606 3432 697 3498 Mtth.
714 3433 777 3497 VII
795 3433 833 3497 16
857 3430 1061 3516 Numquid
1079 3430 1240 3516 oolliquut

69 3532 106 3599 de
127 3535 238 3620 opimis
260 3557 342 3602 uuas
365 3540 427 3602 aut
448 3536 486 3602 de
510 3534 643 3602 tribulis
664 3533 796 3622 fidaei»
822 3536 891 3600 Iuv.
915 3536 931 3600 I
953 3531 1089 3621 sevies:

180 3637 293 3705 «Nam
315 3659 437 3724 meque
460 3639 497 3706 de
521 3637 655 3706 tribulis
675 3637 758 3721 fieus
779 3659 848 3705 uer
870 3637 1018 3704 seutilrus
1040 3659 1124 3705 uvas

203 3735 398 3810 Proveuiase
419 3762 575 3827 tauquam
599 3793 605 3806 .
631 3793 637 3807 .
663 3793 669 3808 .
694 3790 702 3807 .
724 3742 936 3810 uetustis».

70 3843 195 3914 Eodem
223 3847 319 3913 modo
346 3847 438 3912 Mtth.
462 3847 555 3912 XXV
578 3848 619 3913 37
649 3845 825 3930 «Domine,
854 3845 1011 3929 quaudo
1039 3849 1069 3911 te
1094 3845 1238 3912 uidimus

72 3951 267 4019 esurientem
302 3955 333 4016 et
358 3950 522 4034 pavimus,
556 3949 720 4017 sitieutem
752 3954 785 4016 et
810 3943 923 4034 potum
958 3949 1106 4016 dedimus
1134 3948 1234 4015 utre»

72 4052 178 4120 reddit
205 4057 272 4122 Iov.
301 4056 347 4120 IV
374 4053 452 4122 278:
483 4053 593 4121 «Nou
619 4053 770 4120 meminit
791 4057 945 4121 ‘uestrum
972 4053 1181 4138 quisquam
1209 4058 1238 4120 te

72 4154 175 4225 lusere
198 4210 204 4222 .
229 4209 237 4223 .
262 4209 268 4223 .
294 4184 320 4222 .>›

158 4262 198 4328 Si
232 4263 572 4345 interrogationes
606 4268 694 4327 sunt
729 4267 865 4345 specie
900 4266 1132 4346 negativae,
1167 4266 1236 4328 sed

74 4381 189 4434 sensu
218 4367 682 4448 po'srrrvae,.a1uveneo
710 4371 988 4448 exprimuntur
1015 4369 1237 4433 enuntiatis

75 4475 282 4546 positivis:
