3046 5206
846 397 866 460 4

317 568 396 647 Quis
430 575 479 636 est
513 570 566 652 qui
599 574 696 652 neget
726 568 918 634 vocabulum
954 566 1160 651 «proprio»
1196 566 1324 631 omnino
1351 563 1448 630 idem

319 693 391 740 esse
415 693 454 738 ao
476 692 628 755 graecum
654 673 796 756 «ἰδίῳ»,
819 671 905 755 quod
927 675 962 736 ut
985 669 1172 756 supradixi
1195 668 1324 735 codices
1346 667 1447 734 latini

318 779 507 863 pronomine
530 775 684 842 reflexivo
708 796 824 864 «coo»
851 775 1024 860 explicant.

400 896 558 963 Matthaei
591 896 692 963 verba
723 896 785 962 XV
814 897 852 961 17
888 894 993 958 «οὔπω
1026 897 1124 956 νοεῖτε
1158 892 1204 955 ὅτι
1236 895 1294 955 πᾶν
1320 893 1353 954 τὸ
1383 893 1448 960 εἰς·

314 1000 519 1084 πορευόμενον
543 1000 587 1069 εἰς
610 999 643 1062 τὸ
667 998 765 1083 στόμα
789 1000 833 1067 εἰς
849 999 901 1082 τὴν
917 999 1034 1061 κοιλίαν
1048 1000 1184 1081 χωρεῖ.
1198 1047 1203 1059 .
1219 1046 1225 1059 .
1240 1023 1267 1059 .>>
1292 994 1447 1062 codicum

316 1103 684 1189 antehieronymicorum
709 1109 858 1169 auctores
879 1104 1131 1186 interpretantur
1156 1120 1238 1166 «non
1252 1100 1448 1184 intellegitis

316 1210 468 1291 quoniam
491 1228 585 1274 omne
607 1205 694 1291 quod
716 1209 750 1272 in
773 1228 809 1273 os
832 1208 931 1271 intrat
952 1208 986 1271 iu
1008 1211 1152 1270 ventrem
1174 1204 1293 1270 oodc‘t
1314 1255 1322 1270 .
1346 1255 1352 1267 .
1378 1255 1385 1266 .
1413 1229 1444 1269 .»

316 1318 453 1397 excepto
488 1311 600 1379 codice
635 1311 895 1394 Cantabrigiensi
929 1311 983 1393 qni
1015 1309 1116 1375 habet
1151 1308 1317 1393 «cadit»,
1354 1307 1447 1391 quod

316 1414 468 1481 mendum
501 1435 575 1482 esse
607 1420 717 1500 potest
748 1433 808 1500 pro
844 1412 1010 1480 «cadit».
1065 1411 1133 1478 Sed
1169 1416 1353 1496 «χωρεῖν»
1391 1418 1447 1477 est

314 1540 419 1603 neque
450 1519 639 1585 «cadere»
670 1538 775 1601 neque
806 1517 1003 1601 «cadere»,
1031 1518 1058 1582 si
1085 1522 1173 1582 recte
1200 1515 1347 1599 traditur,
1381 1515 1446 1581 sed

317 1624 516 1708 «cedere»,
539 1621 626 1706 quod
649 1617 737 1708 apud
759 1623 934 1688 iuvencum
957 1621 1135 1706 reperimus
1157 1621 1205 1685 III
1230 1617 1361 1704 lellus:

404 1743 510 1809 «Nom
533 1763 755 1827 qaaecumque
779 1793 785 1806 .
811 1792 818 1806 .
842 1791 850 1805 .
874 1792 881 1806 .
904 1741 1046 1808 veniant
1067 1740 1271 1808 eatrlasecac
1292 1739 1352 1822 orc',

423 1846 469 1912 Ia
490 1850 636 1912 ventrem
658 1846 806 1912 cedant
828 1896 834 1910 .
860 1896 866 1908 .
892 1896 899 1910 .
924 1872 962 1908 .>›.

314 1953 420 2017 Locus
444 1970 521 2035 ergo
544 1953 637 2018 testis
659 1950 787 2015 videtur
809 1969 892 2032 esse,
915 1950 1089 2014 Iuvencum
1111 1948 1293 2033 inspexisse
1316 1949 1443 2013 textum

314 2075 477 2140 graecum.

400 2175 601 2242 Vocabulum
638 2172 917 2256 «ὀλιγόπιστοι»
946 2173 1040 2238 Mtth.
1062 2173 1182 2239 XVIS
1214 2175 1247 2237 in
1275 2172 1442 2239 codicibus

313 2280 423 2346 latinis
454 2281 650 2345 convertitur
680 2275 871 2342 «modicae
896 2276 1037 2362 fidet»,
1066 2275 1124 2342 sed
1149 2278 1308 2342 Iuvencus
1325 2278 1441 2359 magis

315 2381 358 2448 ad
392 2382 525 2449 verbum
561 2383 712 2466 exprimit
738 2382 788 2446 III
815 2378 878 2444 244
913 2399 1031 2463 «qoam
1055 2399 1183 2463 porca
1209 2379 1322 2446 fides.
1346 2431 1384 2450 .,.
1410 2407 1438 2445 ,ο

314 2487 398 2554 Nam
424 2485 606 2566 «ὀλίγος»
633 2491 682 2552 est
697 2504 761 2550 non
776 2489 843 2564 tam
869 2483 1090 2550 «modicos»
1116 2504 1213 2567 quarn
1233 2504 1439 2568 «parcos».

273 2674 275 2678 Ι
402 2589 602 2656 Gravissimo
637 2581 826 2673 argumento
859 2594 909 2654 est
940 2589 1030 2655 locus
1057 2588 1109 2655 hic
1135 2588 1227 2653 Mtth.
1255 2588 1369 2654 XXIII
1397 2589 1466 2654 37-

316 2693 367 2756 «ὃν
383 2692 492 2778 τρόπον
511 2691 604 2777 ὅρνις
621 2693 793 2774 ἐπισυνάγει
810 2718 838 2757 κ.
855 2717 880 2757 τ.
898 2696 958 2778 X»,
981 2692 1065 2776 quod
1082 2693 1273 2759 vccabulum
1292 2691 1436 2777 «ὄρνις»

315 2796 463 2864 omnibus
491 2798 524 2861 in
552 2795 717 2862 codicibus
744 2797 854 2861 latinis
881 2797 1015 2861 vertitur
1037 2816 1095 2880 per
1120 2796 1346 2882 ‹<pollioo»;
1380 2795 1438 2861 sed

313 2901 473 2967 Iuvencus
496 2899 540 2964 IV
563 2898 601 2964 81
628 2899 826 2965 adverbum
849 2902 945 2964 vertit
971 2899 1102 2965 «oles»
1128 2901 1234 2984 (oles
1257 2899 1308 2966 cti
1331 2899 1439 2966 dulces

314 3005 413 3072 solito
436 3007 485 3068 est
505 3003 566 3068 aad
588 3024 717 3086 corpore
734 3003 847 3086 pallos
868 3041 909 3051 —
931 3003 1063 3088 fovere).

357 3126 476 3191 Nescio
499 3145 542 3189 an
565 3125 663 3190 etiarn
686 3124 747 3190 hoc
770 3125 952 3210 exemplum
975 3123 1122 3208 proferre
1144 3115 1256 3191 liceat:

399 3244 496 3330 Apud
511 3245 603 3310 Mtth.
620 3246 701 3311 XIX
717 3244 758 3309 29
779 3245 896 3329 legitur
911 3246 1103 3311 vocabulum
1118 3246 1253 3330 simplex
1272 3271 1286 3304 «
1297 3246 1435 3330 λήμψε-
1511 3315 1512 3326 γ

314 3372 410 3434 ται»,
434 3348 519 3432 quod
542 3349 690 3414 omnibus
712 3351 745 3413 in
768 3347 933 3415 codicibus
954 3349 1065 3414 latinis
1087 3349 1245 3414 vocabulo
1261 3350 1435 3432 composito
1511 3327 1512 3356 ¹

248 3503 251 3511 .
317 3452 533 3535 «accipiet»
550 3451 706 3537 redditur,
721 3472 793 3517 curn
804 3453 963 3518 Iuvencus
978 3451 1114 3536 slmplex
1130 3454 1298 3518 retinuerit
1309 3459 1435 3518 vertens

314 3556 456 3622 111547:
482 3556 679 3639 ‹<copo'et>›;
703 3575 781 3621 sane
803 3554 873 3621 fieri
895 3560 1002 3640 potest
1017 3562 1053 3621 ut
1068 3557 1227 3621 Iuvencus
1242 3557 1434 3622 necessitate

314 3661 450 3724 metrica
474 3666 605 3726 coactus
628 3661 669 3726 sit
691 3659 885 3726 vocabulum
908 3658 1045 3744 simplex
1067 3659 1234 3744 praeferre
1250 3661 1432 3744 composito.

355 3781 462 3846 Locus
505 3786 614 3846 autem
655 3782 671 3846 I
708 3779 771 3847 667
813 3799 876 3862 quo
917 3779 1035 3862 legitur
1071 3780 1263 3845 vocabulum
1300 3779 1432 3864 simplex

273 3887 516 3970 «rampant»,
558 3884 644 3969 quod
685 3886 813 3950 omnino
854 3881 1028 3967 respondet
1069 3885 1142 3949 voci
1184 3889 1291 3949 textus
1327 3885 1431 3966 graeci
1510 3869 1511 3878 ¹

271 3987 638 4072 simplici-«putcolo»
665 3987 770 4073 (Mtth.
787 3988 849 4052 VII
869 3985 915 4072 6),
938 3985 1022 4069 qnod
1047 3987 1194 4052 omnibus
1216 3989 1249 4051 in
1271 3985 1431 4052 codicibus

270 4092 380 4157 latinis
408 4090 554 4156 redditur
575 4092 742 4158 vocabulis
765 4092 950 4174 compositis
973 4091 1024 4155 vel
1050 4094 1359 4173 «corrompant»
1382 4090 1431 4156 vel

274 4193 589 4278 «disrumpunt»,
613 4196 795 4279 argumenti
816 4195 955 4278 pretium
977 4193 1098 4259 habere
1120 4195 1198 4259 milri
1220 4214 1284 4259 non
1299 4194 1429 4278 videtur,

271 4318 343 4363 curn
358 4300 517 4364 Iuvencus
539 4297 600 4364 hoc
623 4297 692 4364 loco
715 4299 823 4364 verbis
838 4298 1033 4381 Vergilianis
1049 4318 1125 4364 usus
1140 4300 1183 4364 sit
1196 4299 1278 4364 Aen.
1294 4299 1342 4364 IX
1357 4298 1428 4364 580:

273 4427 301 4466 ‹.
324 4447 332 4464 .
358 4451 364 4462 .
389 4402 509 4467 ‚letali
532 4402 691 4467 volnere
711 4401 854 4485 rapit.»
