3046 5206
525 455 685 522 -37

113 627 278 695 credetis?
295 627 404 714 (47)>›;
428 628 486 694 sed
502 630 696 693 Iuvencus
712 628 828 693 retinet
843 633 990 693 tantum
1007 632 1244 696 sententiam

111 734 335 818 positivam
359 729 551 816 11690f91:

144 834 250 901 «Eius
273 835 361 902 enim
383 834 515 919 scriptio
536 837 640 900 vester
661 833 692 900 sc'
714 834 857 900 erederet
878 854 979 917 error,

167 937 319 1005 Crederet
341 943 373 1004 et
392 937 496 1021 nobo,
520 937 629 1023 Mopsi
651 957 751 1021 qoam
772 936 896 1020 scripto
917 938 1162 1023 frequentant.»

159 1043 209 1108 Ut
242 1044 437 1108 Iuvencus
471 1047 575 1108 totos
608 1061 746 1108 versus
780 1042 944 1124 omittit,
978 1044 1034 1108 ita
1067 1051 1245 1129 amputat

53 1144 275 1210 interdum
305 1165 461 1228 versus,
497 1164 581 1210 cum
613 1146 811 1230 praeterit
845 1148 1074 1212 sententIas
1107 1167 1242 1215 eornm

56 1253 268 1331 singutas.
328 1249 397 1314 Has
434 1249 741 1334 praetermissiones
780 1247 908 1331 appello
950 1251 1243 1330 (tenacitem,

60 1373 207 1436 quarum
237 1371 389 1418 numerus
418 1358 467 1418 est
490 1370 644 1435 magnus3
670 1356 866 1416 tamennon
889 1353 971 1416 tanti
997 1371 1069 1418 esse
1091 1359 1180 1438 puto,
1209 1361 1244 1420 ut

60 1476 184 1524 omnes
208 1456 395 1539 significem.

202 1558 297 1637 Quod
329 1559 490 1625 Iuvencus
523 1557 615 1623 Mtth.
650 1557 761 1624 XXVI
796 1559 838 1625 56
871 1562 1065 1625 sententiam
1103 1563 1242 1646 priorem

114 1663 208 1729 «Hoc
231 1666 341 1729 actem
365 1667 466 1729 totum
488 1662 616 1747 factum
639 1666 694 1743 est,
719 1665 758 1728 ut
779 1661 1041 1746 adimplerentur
1058 1663 1243 1747 scripturae

106 1767 366 1853 prophetorum»
391 1787 455 1832 non
478 1767 621 1850 respicit,
646 1765 726 1831 facit
748 1785 787 1832 eo
811 1767 944 1833 consilio
968 1773 1002 1832 ut
1018 1769 1241 1852 repetitionem

110 1873 325 1956 fugiat‚oum
348 1871 430 1937 haec
453 1870 553 1935 verba
580 1868 661 1933 nihil
690 1868 777 1934 aliud
801 1868 911 1935 dicant
934 1872 996 1935 nisi
1020 1870 1106 1954 qnod
1129 1892 1242 1938 versus

30 2025 34 2034 .
115 1974 316 2042 antecedens
331 1974 442 2040 XXVI
458 1973 513 2040 54:
532 1971 713 2054 «Quomodo
729 1993 803 2058 erpo
817 1972 1044 2056 implebuntur
1058 1974 1243 2058 scripturae

106 2078 358 2164 prophetarum,
383 2077 464 2163 quta
480 2077 526 2142 sie
541 2080 664 2160 oportet
676 2075 806 2163 Ῑίονίὲ»,
830 2097 924 2160 quem
940 2098 1068 2144 versum
1082 2078 1242 2146 Iuvencus

112 2181 223 2248 reddit
252 2182 298 2248 IV
324 2183 402 2248 530:
433 2180 516 2247 «Sed
543 2179 711 2263 scriptura
738 2181 817 2247 mec's
845 2181 1034 2264 complenda
1061 2186 1109 2248 est
1133 2182 1258 2251 debita

108 2285 244 2352 reboo».

155 2389 246 2455 Illis
271 2394 617 2468 detractionibus,
641 2408 739 2473 quac
755 2388 801 2453 ad
818 2394 1241 2478 siuguiesscntentias

58 2499 271 2578 spectant,
295 2498 565 2579 opponuntur,
589 2513 687 2576 quae
716 2491 865 2560 adrem
889 2497 1018 2576 ipsam
1042 2500 1240 2578 spectant,

59 2619 113 2662 ex
141 2597 282 2681 quibus
312 2599 413 2682 ipsis
443 2597 588 2681 optime
614 2595 866 2678 intellegitur
895 2597 1058 2663 Iuvenoi
1086 2618 1240 2664 carmen

58 2701 171 2767 nihil
194 2700 301 2765 aliud
326 2720 413 2766 esse
436 2701 512 2766 nisi
540 2699 928 2788 circumlocutionem
954 2703 1149 2786 poeticam
1178 2702 1240 2767 vel

58 2813 106 2872 ut
131 2823 276 2888 graece
301 2804 426 2869 dicam
450 2805 696 2886 παράφραοιν.

198 2907 398 2992 Saepissime
435 2908 595 2973 Iuvencus
632 2909 680 2972 eis
723 2907 802 2974 locis
844 2907 961 2990 quibus
984 2890 1014 2966 '‹<
1023 2906 1240 2975 membrorum
1303 2898 1307 2904 ’

106 3010 356 3096 paralleltsmt»
381 3011 485 3096 figura
509 3016 617 3077 exstat
638 3010 738 3077 nihil
762 3009 870 3075 alind
899 3009 1006 3076 reddit
1033 3014 1110 3077 nisi
1138 3013 1239 3096 quod

83 3130 86 3137 ·
111 3115 389 3199 evangelistae
410 3135 548 3181 versus
572 3117 785 3181 continent.
824 3113 944 3178 Reddit
966 3115 1063 3197 igitur
1086 3136 1148 3181 non
1172 3123 1239 3182 tam

110 3219 213 3284 verba
234 3221 308 3304 ipsa
331 3239 427 3302 quam
449 3219 620 3284 verborum
643 3220 846 3284 sententiam.
885 3217 1044 3302 Exempla
1059 3218 1237 3302 proferam:

198 3322 358 3387 Iuvencus
380 3328 414 3387 ut
439 3320 682 3386 «membrorum
698 3320 991 3403 parallelismcm»
1023 3320 1128 3404 fugiat
1151 3344 1235 3388 com-

111 3423 282 3510 prehendit
314 3424 471 3490 Matthaei
503 3425 605 3490 verba
631 3426 693 3490 VII
724 3425 772 3510 17,
809 3423 858 3509 18,
889 3425 981 3504 201):
1019 3425 1098 3492 «stc
1132 3427 1238 3494 omnis

113 3528 212 3596 arbor
236 3527 321 3594 boon
342 3521 475 3613 facetus
499 3526 595 3594 bonos
622 3527 719 3613 tecit:
742 3527 835 3593 matu
857 3533 967 3594 actem
988 3527 1087 3595 arbor
1106 3530 1238 3615 fructus

110 3633 215 3699 mutos
241 3630 326 3716 facit
352 3621 436 3714 (17).
492 3630 570 3698 Noc
596 3634 704 3714 potest
731 3630 829 3696 arbor
859 3630 944 3697 bona
975 3632 1108 3716 fructos
1135 3635 1238 3702 mulce

111 3738 234 3822 faeere:
268 3756 373 3818 oeque
401 3735 499 3802 arbor
525 3737 616 3802 muta
641 3737 773 3821 fructus
802 3735 899 3801 bonos
925 3737 1035 3820 fucere
1061 3737 1151 3820 (18):
1181 3738 1237 3804 Ea

111 3839 277 3926 fructibus
310 3860 420 3905 eorum
454 3838 646 3925 copposcetr's
685 3858 736 3904 eos
773 3839 888 3918 (20).»
950 3838 1075 3918 duobus
1112 3848 1236 3906 tantum

112 3944 259 4009 versibus
281 3942 297 4007 I
320 3940 477 4027 699s700:
953 3933 956 3938 ’

225 4044 359 4130 «thue
382 4045 480 4112 arbor
497 4045 633 4130 proprio
655 4045 795 4111 vectetur
815 4045 962 4131 permitte
979 4046 1069 4129 ponci

248 4149 302 4216 stc
325 4149 418 4216 dotus
439 4148 575 4216 illorum
596 4150 713 4234 fructu
733 4152 939 4215 monstrante
955 4149 1132 4232 putescit».

67 4259 270 4271 ...——--..

156 4307 177 4372 1)
196 4322 222 4358 v.
245 4309 290 4362 to:
311 4304 429 4359 «Omnis
448 4306 539 4372 arbor,
565 4323 635 4374 quae
659 4322 716 4360 non
734 4304 807 4374 facit
825 4305 925 4358 bocum
943 4306 1076 4375 fructum,
1096 4304 1236 4359 excidetur

71 4396 99 4448 et
116 4392 147 4446 c'n
164 4392 257 4462 tpnem
274 4391 412 4446 mitta'tur»
433 4392 538 4447 omittit
554 4393 694 4447 Iuvencus
713 4391 859 4459 hocloco,
882 4390 957 4459 quod
982 4390 1100 4446 eundem
1120 4408 1234 4446 versum

71 4495 157 4547 supra
174 4480 186 4533 l
204 4482 255 4536 336
274 4477 412 4532 tractavit
429 4479 583 4536 secundum
602 4477 681 4532 Mtth.
700 4478 738 4533 III
757 4483 798 4537 10.
