3046 5206
828 369 871 458 s'4

746 479 948 491 ———-—

362 569 599 639 Matthaeus
625 569 714 641 Π
1000 568 1206 639 Iuvencus
1232 567 1313 635 ΠΙ.

263 705 293 757 7:
311 699 461 755 Dieernnt
478 700 513 755 ei:
538 699 644 770 «Quia
661 716 742 754 mmo
760 715 822 754 nos
873 701 1036 758 eet—569:
1086 695 1209 763 Aiunt,
1254 698 1470 753 conductoris

299 786 489 843 conducit.»
536 787 618 844 Dicit
647 787 721 842 iilis:
753 787 821 842 «lte
977 785 1231 856 quodpraeccpto
1249 783 1437 856 fuissent

299 876 326 928 et
347 891 405 940 vos,
433 873 625 946 operamini
651 874 683 929 in
710 873 822 930 cineam
872 871 962 928 Nulla
985 871 1048 927 sibi.
1087 871 1259 928 Dominus
1283 889 1367 927 mom
1396 873 1472 927 bos

299 977 413 1017 meam.»
976 957 1145 1014 insistere
1163 958 1228 1013 ruri

682 1045 687 1058 “
876 1045 955 1100 Tunc
972 1045 1058 1100 etiam
1076 1043 1198 1101 iussit.

264 1170 293 1224 8:
397 1167 467 1223 dicit
485 1166 616 1223 dominns
637 1167 737 1222 cineae
754 1185 823 1238 pro·
874 1165 986 1237 570171:
1006 1165 1200 1238 Praecipit,
1220 1169 1257 1222 nt
1275 1168 1385 1221 eundi
1400 1186 1471 1223 ca·

299 1254 427 1316 curatori
451 1271 517 1310 eno:
544 1255 650 1310 ‹Voco
677 1255 823 1324 operariae
972 1257 1099 1324 perent
1117 1253 1252 1310 concedis
1271 1254 1433 1332 bonorem

300 1344 326 1395 et
354 1342 458 1397 redde
488 1341 548 1396 iliis
577 1341 744 1408 mercedem,
780 1341 823 1396 in·
875 1340 1063 1414 Aequatiqne
1110 1357 1205 1396 omnes
1245 1343 1470 1412 portarent

300 1427 406 1498 cipiene
436 1446 455 1482 a
483 1428 637 1484 noobsimo
666 1445 755 1498 usqne
786 1429 824 1484 od
973 1427 1107 1498 praemia
1125 1444 1246 1483 nummo.

295 1531 431 1586 primos.»

352 1645 418 1713 Sed
442 1651 558 1732 postea
581 1647 698 1712 retinet
719 1648 879 1713 Iuvencus
902 1650 993 1712 recta
1011 1645 1113 1712 verba
1128 1664 1236 1712 eornm
1252 1665 1467 1733 operarum,

267 1751 320 1835 qui
343 1757 528 1835 queruntur,
558 1769 604 1836 se,
633 1770 828 1834 quamquam
856 1771 876 1815 a
902 1751 1008 1835 prima
1034 1749 1106 1815 luce
1133 1768 1234 1832 usque
1261 1748 1306 1814 ad
1340 1753 1465 1818 solem

266 1853 467 1920 occidentem
491 1855 739 1936 laboravissent,
762 1852 953 1919 tantundem
982 1855 1109 1937 argenti
1138 1854 1305 1937 accepisse
1339 1875 1464 1938 quan-

266 1963 333 2023 tum
356 1960 411 2041 qui
432 1978 530 2024 unam
553 1958 664 2023 boram
687 1958 925 2024 laboravissent
940 1955 1021 2043 (12),
1045 1963 1077 2022 et
1100 1976 1183 2040 quae
1198 1956 1465 2041 paterfamilias

266 2062 330 2127 ills
363 2060 539 2148 respondet
572 2064 718 2155 oratione
751 2066 850 2127 recta.
906 2060 1075 2127 Facillime
1111 2060 1349 2147 intellegimus,
1394 2083 1465 2128 cur
1519 2125 1520 2142 ,

266 2166 425 2232 Iuvencus
452 2167 499 2230 ita
525 2168 637 2250 egerit.
687 2167 747 2232 His
775 2168 859 2230 enim
887 2165 996 2231 verbis
1024 2163 1188 2248 dependet
1214 2169 1285 2230 tota
1317 2167 1463 2251 imago,

268 2288 352 2352 quae
375 2270 521 2335 oratione
544 2274 635 2335 reeta
657 2267 786 2334 reddita
808 2268 908 2334 multo
935 2270 1041 2353 magis
1067 2269 1239 2354 perspicua
1266 2273 1317 2334 est
1343 2290 1463 2353 quam

268 2375 414 2439 oratione
437 2373 577 2456 obliqua·
591 2392 756 2458 expressa.
1475 2435 1478 2440 .

355 2474 477 2554 Quodsi
507 2478 700 2561 quaerimus,
734 2495 791 2542 cur
819 2477 979 2542 Iuvencus
1012 2475 1200 2561 plerumque
1232 2474 1292 2540 has
1320 2474 1462 2544 breves

268 2581 431 2648 orationes
460 2584 566 2646 rectas
594 2578 707 2646 feeerit
734 2580 893 2663 obliquas,
926 2582 964 2645 ld
996 2581 1145 2647 iecisse
1175 2582 1360 2659 videtur,
1400 2601 1459 2648 ne

268 2687 450 2752 laederet
483 2689 674 2752 carminis
708 2688 816 2766 epici
851 2687 928 2750 vlm
968 2687 1005 2751 et
1045 2686 1245 2760 naturam,
1281 2701 1375 2764 quae
1417 2688 1458 2749 in

268 2790 453 2854 narratione
475 2795 632 2854 versatur.

355 2909 498 2994 Semel,
521 2910 599 2974 nisi
622 2908 755 2991 fallor,
777 2912 895 2992 poeta
918 2905 972 2990 id,
995 2904 1095 2989 quod
1118 2906 1163 2972 ab
1184 2906 1456 2989 evangelista

269 3018 472 3096 narratur,
502 3017 622 3078 mutat
650 3012 843 3078 oratione.
887 3011 992 3076 Locus
1022 3015 1071 3076 est
1094 3010 1161 3075 bic:
1189 3008 1323 3076 Mattb.
1350 3009 1455 3077 XVI

270 3117 315 3182 20
338 3121 377 3182 et
399 3116 462 3184 21:

400 3235 522 3304 «Tune
538 3234 706 3318 pramepit
727 3233 899 3318 discipulis
925 3233 1006 3319 anis,
1034 3254 1077 3300 ne
1099 3232 1154 3300 cni
1176 3232 1331 3314 dicerent,
1356 3237 1453 3318 qnia

312 3341 381 3424 ipse
402 3345 451 3406 est
473 3339 627 3406 ttiristns
648 3340 738 3418 (20).
787 3337 845 3404 Ec
870 3338 929 3405 itio
952 3337 1003 3404 die
1025 3337 1127 3422 coepit
1152 3336 1247 3404 Iesus
1269 3339 1451 3407 ostendere

314 3444 485 3530 discipulis
506 3442 586 3526 sais,
610 3442 691 3526 pum
712 3446 871 3525 oporteret
891 3441 990 3508 ittam
1011 3441 1061 3508 ire
1083 3441 1122 3508 in
1141 3440 1386 3526 Hierosolyma,
1412 3451 1451 3510 et
1518 3433 1519 3504 l

313 3550 419 3615 multa
440 3547 517 3632 poti
544 3569 565 3614 u
592 3545 785 3629 senioribus,
815 3550 848 3612 ct
867 3544 1078 3630 principibus
1099 3546 1311 3627 sanatam,
1340 3549 1377 3610 et
1399 3547 1448 3614 ab

313 3651 438 3734 scribis,
452 3649 603 3736 eteecidi,
617 3654 649 3716 et
664 3649 762 3716 tertia
774 3649 827 3716 die
837 3669 1045 3734 reserpere»,
1062 3669 1145 3733 quae
1161 3650 1262 3715 verba
1277 3650 1447 3718 Iuvencus

314 3759 460 3822 oratione
482 3761 572 3821 recta
595 3753 696 3820 adicit
718 3753 825 3819 verbis
843 3751 962 3818 Christi
985 3753 1082 3819 rectis
1105 3751 1373 3818 antecedentibus
1390 3755 1445 3820 III

314 3860 494 3927 287-295.
544 3858 736 3929 Haudscio
764 3878 806 3923 an
828 3858 988 3922 Iuvencus
1011 3862 1188 3923 commotus
1215 3858 1267 3941 sit,
1293 3859 1329 3920 ut
1350 3855 1444 3923 banc

314 3966 531 4030 narrationem
555 3964 669 4029 fecerit
692 3963 880 4045 orationem,
908 3960 1001 4026 Mttb.
1025 3961 1095 4026 loco
1118 3960 1182 4024 XX
1214 3960 1252 4026 18
1280 3978 1337 4045 sq,
1373 3980 1442 4044 quo

315 4067 429 4134 eadem
458 4068 526 4134 fere
553 4068 654 4133 verba
679 4065 849 4131 traduntur
877 4067 1022 4132 oratione
1051 4070 1150 4130 reeta.
1201 4063 1302 4142 Quem
1330 4063 1440 4130 locum

315 4172 378 4237 XX
405 4172 444 4236 18
466 4192 513 4255 sq.
537 4177 656 4236 tractat
677 4172 746 4236 Iuv.
769 4169 820 4235 ΙΙΙ
843 4167 1022 4235 586-589.

357 4294 466 4360 Nunc
480 4311 603 4377 pauca
617 4291 738 4356 verba
753 4289 964 4374 faciamus,
980 4310 1057 4372 qua
1070 4291 1226 4354 ratione
1243 4289 1441 4358 Iuvencus

275 4397 569 4480 evangeliorum
585 4397 784 4480 syntaxim
800 4395 1048 4460 tractaverit.
1086 4391 1316 4477 Evangelistae
1331 4396 1440 4479 magis
