3046 5206
843 395 885 462 42

323 566 489 650 Adript‘t
508 568 573 634 bos
589 587 814 651 pronosque
837 566 968 633 trabit
988 568 1101 634 velut
1121 567 1291 668 impetus
1318 568 1475 634 amnis

322 670 405 736 Aut
426 671 561 737 alacer
581 671 741 754 sonipes
762 672 896 754 raptis
917 672 1106 755 effrenas
1129 669 1311 752 habenis,

321 774 404 840 Aut
423 775 592 841 rectoris
614 794 728 859 sperus
749 778 914 841 ventosa
929 795 1000 858 per
1023 794 1195 858 aequora
1212 775 1405 858 puppis.»

407 895 477 961 Hoc
510 894 611 960 adIcit
637 895 756 961 Christi
786 896 895 961 verbis
928 894 1078 960 dulcibus
1110 895 1172 960 VII
1203 897 1240 960 13
1268 916 1331 980 sq,
1372 917 1473 980 quse

321 1001 481 1064 Iuvencus
496 998 584 1064 haud
598 1000 682 1064 male
698 997 805 1064 reddit
820 999 835 1063 Ι
849 998 1029 1066 679-684.
1060 999 1161 1064 Recte
1174 998 1400 1070 Sabatieru
1411 1021 1432 1065 s
1443 1002 1472 1086 1)

321 1101 457 1168 adnotat
485 1101 528 1168 ud
560 1102 633 1169 illos
665 1122 778 1168 versus
804 1101 989 1168 sss-689:
1025 1101 1098 1166 «At
1127 1101 1244 1168 baram
1275 1103 1474 1187 sestiacum

319 1204 446 1272 nullibi
468 1204 557 1271 alias
578 1205 768 1288 reperimus,
793 1209 920 1271 atvero
934 1204 1042 1271 simile
1056 1205 1191 1272 omniuo
1205 1206 1251 1271 sit
1264 1205 1473 1273 Iacertcum

320 1309 358 1375 ia
381 1309 571 1394 arymaeati
594 1308 791 1375 tractatione
815 1308 952 1375 liberius
967 1308 1151 1375 cucurrisse
1161 1334 1187 1373 ».
1225 1310 1372 1375 Etiamsi
1389 1332 1469 1376 rem

320 1415 425 1497 ipsam
460 1433 477 1478 e
504 1418 601 1498 poeta
634 1414 742 1495 aliquo
775 1414 986 1479 Iuvencum
1020 1414 1197 1496 sumpsisse
1231 1411 1468 1480 demonstrari

320 1536 384 1581 non
410 1521 528 1601 potest,
556 1522 666 1581 tamen
694 1536 819 1600 pauca
846 1517 969 1581 verba
997 1535 1014 1581 e
1041 1516 1220 1599 Vergilio
1249 1518 1468 1601 petivisse

321 1625 507 1705 apparet,
530 1621 629 1685 veluti
655 1618 857 1702 «sonipes»
887 1640 946 1704 pro
977 1640 1120 1702 «equo»
1151 1625 1185 1684 et
1207 1622 1364 1685 inversu
1392 1621 1468 1688 689

319 1724 421 1789 verba
449 1728 637 1790 «ventosa
659 1743 731 1806 per
764 1744 975 1809 aequora»,
1008 1743 1092 1807 quse
1126 1727 1296 1788 occurrunt
1327 1724 1466 1790 iisdem

319 1847 432 1894 versus
455 1826 593 1912 pedibus
618 1827 735 1909 Georg.
760 1827 776 1891 Ι
799 1826 861 1894 206
885 1834 918 1892 et
939 1829 1019 1892 Aen.
1043 1827 1089 1891 VI
1111 1827 1185 1893 335.
1229 1827 1309 1892 (ium
1336 1831 1466 1896 verbis

322 1929 480 2016 «raptis
509 1980 515 1994 .
540 1981 548 1996 .
573 1980 610 1992 ..
643 1930 832 1998 babebis»
869 1931 1008 1997 conferri
1047 1937 1154 2016 potest
1184 1932 1264 1996 Aen.
1299 1932 1349 1996 XI
1389 1934 1464 1999 600

323 2060 349 2097 «.
374 2085 381 2100 .
407 2085 414 2100 .
440 2086 446 2097 .
465 2035 621 2117 pressis
644 2085 650 2098 .
675 2083 683 2098 .
708 2083 715 2098 .
741 2087 746 2098 .
772 2034 977 2102 habenis».

406 2158 442 2221 In
465 2156 547 2221 libro
569 2157 611 2221 ΙΙ.
636 2163 766 2222 exstant
788 2176 901 2222 versus
924 2154 1039 2241 ussus:

323 2277 373 2344 «Ι
375 2298 510 2361 amque
534 2277 704 2344 bominis
719 2277 924 2361 stupidam
938 2278 1100 2343 decusso
1114 2277 1296 2343 daemone
1306 2285 1462 2361 pectas

348 2382 568 2465 Insperata
590 2402 684 2447 saue
705 2387 924 2448 veneratur
947 2381 1056 2448 dorca
1072 2379 1262 2466 salutis»,
1511 2367 1512 2374 '

320 2505 415 2588 quia
442 2509 541 2589 poeta
568 2504 745 2570 narrationi
775 2504 887 2568 Inserti
916 2507 999 2567 sunt.
1044 2503 1129 2568 Nam
1156 2501 1236 2566 nihil
1263 2501 1371 2567 simile
1403 2506 1457 2568 in-

318 2610 445 2673 venitur
469 2607 555 2693 apud
578 2608 722 2673 Marcum
746 2608 784 2691 V,
812 2626 907 2690 quern
930 2605 990 2670 hoc
1012 2606 1083 2670 locu
1105 2604 1265 2671 Iuvencus
1287 2608 1456 2691 sequitur,

319 2717 354 2776 ut
382 2731 481 2796 supra
509 2710 554 2796 (p.
588 2710 726 2793 18-21)
754 2710 1054 2776 demonstravimus.
1105 2709 1265 2774 Iuvencus
1298 2715 1456 2792 sequitur

318 2815 378 2880 hoc
402 2816 471 2880 loco
495 2813 624 2879 modum
653 2821 769 2899 poetae
797 2814 891 2899 epici,
918 2814 972 2896 qui
1000 2812 1144 2895 singulas
1172 2831 1225 2878 res
1252 2814 1387 2898 copiose
1417 2826 1453 2882 et
1510 2805 1511 2885 i

319 2917 390 2984 fuse
414 2918 578 2983 describit.

360 3038 417 3104 Ad
459 3038 730 3104 additamenta
772 3059 792 3103 a
828 3039 998 3103 Iuvenca
1041 3040 1277 3119 eprIcaudi
1321 3057 1453 3108 causa

276 3142 398 3227 fecta,
431 3162 527 3226 quae
554 3144 628 3206 ism
657 3139 893 3227 Maroldus2)
923 3143 1257 3225 commemoravit,
1285 3162 1450 3226 appono
1509 3151 1510 3205 I

274 3246 345 3312 boc
368 3267 482 3312 unum
504 3246 519 3309 I
544 3242 678 3329 257f58:

429 3393 443 3425 ‹<
453 3366 500 3432 At
520 3368 614 3451 feras
637 3366 783 3432 Herodes
805 3364 934 3430 sibimet
954 3364 1121 3430 succedere
1142 3329 1255 3447 credit,
1508 3443 1509 3448 ἵ

399 3565 402 3570 1
455 3471 556 3551 Quem
578 3471 703 3536 calleas
725 3469 826 3536 miris
848 3468 1027 3552 quaesisset
1047 3489 1130 3535 cura
1153 3467 1363 3554 Musarum»,
1508 3463 1509 3523 I

274 3593 390 3676 quibus
418 3593 564 3658 versibus
593 3593 752 3657 Iuvencus
784 3590 957 3655 infantium
984 3588 1118 3655 caedem
1148 3596 1337 3673 argumente
1366 3613 1443 3658 eon-

273 3697 401 3761 firmure
429 3696 568 3762 voluisse
595 3695 672 3760 mihi
699 3694 835 3759 videtur.
888 3692 981 3770 Quod
1007 3692 1155 3758 Herodes
1181 3694 1364 3778 verebatur,
1402 3719 1443 3762 ue
1507 3715 1508 3734 ¹

274 3801 420 3866 Christus
442 3801 504 3865 sibi
528 3802 617 3885 regni
639 3799 830 3883 dignitatem
847 3796 1014 3882 adimeret,
1038 3817 1149 3864 omnes
1166 3796 1308 3864 infantes
1322 3818 1442 3882 pueros

274 3903 409 3969 interfici
433 3905 568 3988 iussit3).

275 4063 348 4074 --v-
360 4063 425 4068 ..-..--
436 4063 474 4068 .-..

360 4162 380 4228 ¹)
400 4158 576 4224 SsbatIer,
601 4158 763 4214 Bibls'orum
787 4175 933 4212 sacrorum
951 4156 1058 4212 latinae
1076 4158 1219 4213 uersibues
1237 4156 1371 4228 autiquae
1390 4176 1440 4214 sea

273 4249 350 4301 vetus
370 4247 482 4312 Italica,
500 4248 565 4299 tam.
584 4248 645 4300 tert.
659 4264 689 4315 p.
707 4250 749 4302 41.

358 4335 380 4488 :i
400 4333 507 4475 decbdc
525 4336 610 4474 ddsscf.
631 4419 838 4474 «Rbeiuiscbes
856 4418 1009 4474 Macetum»
1031 4423 1074 4487 54,
1091 4423 1151 4488 474,
1173 4424 1194 4475 1.
