3046 5206
282 616 443 684 scocie»
468 615 559 681 Mtth.
577 616 624 680 IX
643 612 681 678 12
705 613 788 701 (aon
810 617 858 680 est
879 635 958 698 opus
980 615 1095 680 sonia
1115 615 1271 702 modicus)
1297 618 1476 701 exprimit

279 720 439 786 Iuvencus
461 721 569 786 verbis
592 719 625 783 ΙΙ
647 716 783 802 354155:

368 867 394 904 «.
419 893 426 905 .
450 891 457 904 .
482 889 490 905 .
514 839 584 907 cdi
605 839 735 924 fortio
756 835 925 906 membro

388 944 639 1010 Intemeruto
660 941 777 1010 catus
798 946 956 1028 cepetot
976 942 1147 1009 virtutis
1170 943 1346 1010 honore»

365 1065 506 1130 Verbum
526 1063 748 1149 «reficere»
766 1062 859 1128 Mtth.
874 1064 923 1128 XI
938 1063 980 1128 28
995 1065 1138 1149 explicat
1152 1066 1311 1131 Iuvencus
1327 1065 1476 1131 11557:

282 1169 507 1252 «antiquos
527 1167 638 1234 viras
659 1167 786 1234 hilari
807 1179 1001 1250 reparare
1019 1166 1184 1250 quiete».
1208 1205 1249 1214 -
1272 1167 1475 1253 Simplex

279 1273 471 1339 vocabulum
506 1272 794 1339 «manducare»
830 1270 922 1338 Mtth.
950 1272 1010 1337 XV
1038 1271 1079 1337 20
1112 1271 1352 1337 circumscribit
1390 1275 1474 1338 Iuv.

280 1379 420 1442 111175:
446 1375 655 1459 «Corporis
678 1374 855 1441 arbitrio
879 1379 1078 1441 terrenam
1100 1375 1475 1442 somerevc'ctacm».

280 1519 321 1528 —
354 1481 417 1546 Pro
454 1501 605 1546 «more»
642 1479 720 1545 dicit
753 1481 913 1545 Iuvencus
945 1480 994 1544 III
1027 1479 1089 1544 257
1126 1478 1301 1562 «liquidi
1337 1483 1475 1564 torpa

274 1583 510 1668 profundi».
563 1584 666 1652 Nobis
699 1585 733 1647 in
762 1588 902 1648 mentem
931 1584 1034 1668 venit,
1065 1582 1150 1666 quod
1181 1582 1259 1647 dicit
1288 1583 1475 1650 Homerus

282 1687 303 1749 Γ
329 1687 389 1753 142
417 1694 449 1752 et
473 1688 496 1749 Δ
520 1688 597 1754 313;
629 1683 705 1749 «ἐπ’
733 1685 846 1770 εὐρέα
874 1692 968 1750 νῶτα
996 1687 1251 1768 dulcisone».
1275 1723 1315 1732 -
1340 1687 1473 1754 Verba
1512 1697 1520 1710 '

279 1792 373 1856 Mtth.
389 1792 499 1857 XXIV
518 1792 555 1855 13
582 1816 613 1855 «.
631 1839 638 1856 .
657 1840 687 1853 ..
713 1789 775 1856 hic
797 1790 938 1856 salvos
960 1788 1059 1855 erit»
1084 1788 1191 1854 reddit
1212 1790 1279 1855 Iuv.
1299 1791 1347 1855 IV
1379 1793 1471 1858 116:

406 1938 432 1976 <‹.
458 1962 465 1976 .
490 1960 497 1975 .
522 1960 529 1975 .
553 1911 748 1978 sublimio
773 1911 874 1978 lueis
1007 1980 1009 1985 .

426 2014 617 2082 Aeternis
639 2014 746 2094 vitoe
768 2015 890 2081 certic
912 2015 1126 2082 redimitos
1149 2014 1301 2082 adibat»

281 2144 313 2203 et
346 2136 491 2203 eiusdem
525 2138 746 2220 evangelistae
781 2137 914 2202 verbum
951 2157 1208 2222 «recrcrpere»
1245 2137 1378 2202 XXVII
1418 2141 1469 2204 63

279 2242 421 2326 explicat
443 2241 488 2306 IV
512 2240 647 2326 734135:

405 2362 464 2426 «E
483 2362 623 2428 mortis
646 2411 653 2427 .
678 2412 685 2427 .
711 2412 717 2426 .
742 2410 750 2426 .
775 2361 953 2428 tenebris
975 2361 1025 2427 ad
1048 2360 1203 2428 lamiae
1223 2361 1330 2428 ultae

429 2516 435 2529 .
461 2518 468 2531 .
492 2514 500 2529 .
525 2516 531 2529 .
555 2486 731 2533 remeare
756 2515 761 2528 .
787 2516 794 2529 .
819 2514 827 2530 .
851 2492 890 2529 .›>.

366 2592 493 2655 Causa
515 2592 682 2671 poetlca
705 2589 823 2653 estin
847 2589 1057 2654 attributis
1079 2605 1243 2669 quoque,
1268 2605 1372 2669 quae
1399 2590 1465 2654 Iu-

279 2711 428 2758 vencus
450 2712 525 2757 non
543 2692 666 2757 solum
683 2695 765 2758 Deo
782 2710 945 2770 summo,
970 2689 1173 2757 sedetiam
1197 2695 1393 2773 personIs
1418 2701 1465 2757 et

279 2801 397 2863 rebus
431 2799 603 2862 addidit.
652 2797 703 2860 De
737 2815 801 2878 qua
828 2815 863 2860 re
897 2815 968 2860 cum
1000 2796 1066 2861 iam
1099 2793 1330 2878 Maroldus1)
1366 2795 1462 2862 bene

280 2899 478 2984 disseruerit,
501 2919 562 2983 ego
584 2919 648 2964 non
670 2899 793 2982 loquar.
838 2897 1003 2964 Marcldus
1030 2899 1084 2963 ubi
1113 2896 1154 2963 de
1180 2897 1300 2964 haere
1323 2901 1397 2991 egit
1419 2901 1462 2965 id

279 3024 405 3087 quoque
433 3010 663 3069 commemorat
684 3005 824 3068 Iuvenco
850 3005 882 3066 in
911 3001 1037 3069 deliciis
1065 3022 1148 3086 esse,
1175 3021 1307 3069 vocem
1334 3022 1460 3070 unam
1521 3059 1522 3092 3

279 3106 1459 3196 exprimere,cumsubstantivumcumadiectivoconiungit,
1521 3121 1522 3196 ξ

279 3232 299 3276 a
322 3231 395 3294 quo
420 3211 674 3276 substantivo
696 3210 1065 3295 pendetgenetivus
1082 3212 1305 3296 eiusvocis,
1330 3232 1458 3295 quam

249 3323 255 3331 '
278 3320 394 3399 poeta
417 3315 615 3397 circumit,
637 3314 764 3378 veluti
790 3312 874 3379 «vla
891 3313 1190 3380 retrocedant».
1228 3315 1329 3380 Recte
1345 3314 1458 3381 adicit

278 3417 492 3484 Maroldus:
512 3417 696 3484 «Dederat
711 3415 831 3483 kommt
846 3416 1011 3484 bleweilen
1024 3419 1084 3503 fiir
1098 3437 1218 3484 umere
1232 3417 1458 3504 Auffossnnq

279 3520 333 3587 ein
345 3511 782 3606 capecortqersmwcottn
794 3519 1454 3606 dtesomtrutheepcctemzchtwnyc.

280 3624 525 3709 Saepissime
549 3625 749 3689 Invenitur
772 3623 874 3710 apud
897 3626 974 3691 Iuv.
998 3624 1295 3691 circumlocutio
1320 3645 1391 3709 per
1418 3648 1452 3691 v.
1520 3619 1521 3696 l

281 3729 573 3812 «substantia>›;
599 3728 699 3792 veluti
727 3727 804 3793 dicit
827 3728 894 3792 Iuv.
924 3749 981 3812 pro
1008 3749 1116 3792 «occ»
1148 3728 1280 3794 11418:
1308 3748 1455 3796 sonorae

278 3829 469 3897 subelectio
500 3831 621 3897 vocis».
677 3830 774 3896 Plura
812 3829 961 3914 exempla
995 3830 1124 3912 collegit
1159 3818 1394 3896 Huemcrus¹
1416 3836 1451 3898 in

279 3933 430 4000 editionis
445 3934 551 4001 indice
567 3956 598 4019 p.
617 3933 677 3999 172
693 3953 718 3998 s.
735 3955 765 3998 v.
792 3933 1041 4018 «substantio»,
1064 3939 1139 3998 ante
1160 3954 1233 3999 eum
1248 3934 1450 4002 Maroldus

279 4039 312 4101 in
336 4037 488 4103 editionis
512 4037 619 4103 indice
641 4058 672 4122 p.
700 4037 769 4107 118.
983 4049 985 4054 '

364 4143 507 4206 Restat
529 4147 572 4205 nt
595 4147 815 4224 spectemus
838 4144 1183 4225 amplificatmnes
1211 4147 1449 4224 quas'poeta

279 4243 434 4309 videtur
456 4247 692 4326 explicandi
715 4264 837 4311 cansa
859 4244 1098 4311 confecisse.
1143 4244 1346 4327 Quamquam
1369 4254 1447 4311 sunt

365 4466 385 4532 1)
404 4464 422 4518 1.
441 4481 464 4519 c.
482 4482 510 4534 p.
528 4469 588 4524 337.
