3046 5206
666 419 685 482 3

83 589 250 674 Exempla
284 610 304 656 a
339 609 389 655 me
424 594 554 674 reperta
580 591 697 674 partim
725 589 770 654 illi
799 588 935 656 Gebseri
964 591 1111 675 exemplo
1140 589 1258 657 similia

83 699 176 777 sunt,
199 694 373 759 Iuvencum
397 696 482 760 enim
505 693 665 760 interdum
680 694 872 760 vocabulum
887 713 1041 778 graecum
1057 695 1259 779 recepisse

84 797 340 884 demonstratur,
374 819 446 864 cum
480 797 611 865 codices
641 798 734 864 latini
765 818 878 864 vocem
904 797 1039 864 latinam
1067 798 1257 883 praebeant,

84 902 209 986 partim
238 908 313 968 sunt
339 903 429 988 talia,
458 903 574 986 quibus
602 906 734 986 poetam
760 921 1000 984 nonnumquam
1029 903 1258 968 accuratius

87 1006 333 1072 convertisse
356 1012 521 1092 appareat
547 1023 644 1088 quam
671 1025 728 1071 eos
755 1007 808 1088 qui
835 1010 959 1071 textum
982 1024 1134 1089 graecum
1156 1004 1258 1071 latine

88 1110 296 1195 interpretati
319 1114 401 1175 sunt.
629 1177 633 1186 ,

219 1213 360 1278 Dubium
383 1233 447 1279 non
471 1218 520 1279 est
543 1214 620 1296 quin
639 1212 831 1278 vocabulum
850 1210 996 1298 «acti»,
1020 1209 1107 1295 quod
1120 1211 1259 1295 legimus

134 1314 223 1401 apud
244 1316 419 1382 Iuvencum
447 1315 579 1383 11707:
616 1317 677 1382 «Et
703 1318 816 1400 regina
840 1315 927 1383 aotc'
950 1366 957 1380 .
981 1367 988 1382 .
1010 1363 1017 1381 .
1039 1341 1065 1380 .>›
1097 1320 1257 1402 sumptum

134 1411 177 1485 sit
204 1420 286 1486 sicut
315 1439 496 1505 «spongus»
527 1439 625 1506 supra
650 1425 860 1487 memoratum
884 1439 902 1485 e
924 1424 1015 1485 textu
1036 1438 1155 1502 graeco
1178 1420 1258 1505 ipso,

133 1524 167 1588 in
190 1541 253 1606 quo
274 1523 393 1606 legitur
414 1523 505 1588 Mtth.
527 1523 590 1589 XII
613 1523 655 1590 42
680 1524 862 1610 «βασίλισσα
886 1522 1029 1609 νότου»,
1052 1541 1125 1588 eum
1147 1542 1259 1588 omnes

134 1625 264 1692 codices
286 1627 377 1692 latini
401 1627 544 1693 habeant
570 1628 706 1710 «regina
729 1625 897 1693 austri».

221 1729 333 1796 Simile
348 1730 531 1817 exemplum
546 1731 683 1814 praebet
697 1730 765 1795 Iuv.
778 1731 822 1797 IV
834 1729 897 1795 732
911 1759 950 1784 =
962 1729 1055 1795 Mtth.
1068 1729 1195 1796 XXVII
1207 1730 1258 1816 63,

133 1851 199 1916 quo
220 1835 254 1898 in
275 1834 346 1900 loco
360 1854 473 1901 vocem
490 1849 643 1918 graecam
668 1835 853 1904 «πλάνος»
879 1833 1013 1918 obtinet,
1036 1853 1132 1916 quam
1148 1852 1260 1899 omnes

134 1935 265 2020 codices
288 1939 380 2004 latini
402 1943 567 2005 verterunt
592 1938 830 2004 «seductor».

178 2039 367 2107 Graviorem
400 2049 509 2108 autem
542 2044 723 2126 argumenti
757 2043 822 2106 vim
855 2040 978 2107 habent
1011 2061 1051 2107 ea
1080 2041 1260 2127 exempla

89 2163 175 2227 quae
199 2145 236 2209 in
265 2148 516 2212 accuratiore
539 2147 872 2230 interpretatione
894 2146 1025 2230 posita
1047 2150 1131 2212 sunt.

178 2247 271 2326 Quod
298 2247 385 2335 apud
412 2247 571 2316 Lc.142
598 2250 737 2332 legimus
768 2250 838 2312 «καὶ
869 2247 1079 2332 εὐλογημένος
1105 2249 1121 2311 ὁ
1144 2247 1259 2332 καρπὸς

91 2357 146 2436 τῆς
174 2352 361 2440 κοιλίας»,
389 2347 475 2437 quod
502 2354 596 2418 latini
625 2357 815 2419 convertunt
845 2355 896 2418 «ολ
922 2349 1108 2418 benedictos
1128 2352 1260 2437 fractus

88 2455 247 2522 ventrio
268 2456 346 2541 tui»,
372 2456 459 2540 quod
480 2459 639 2523 Iuvencus
662 2457 813 2542 exprimit
834 2456 850 2520 I
873 2455 928 2522 87:
962 2454 1107 2541 «felicem
1126 2457 1260 2540 postam

91 2557 201 2626 uteri
222 2559 452 2628 elaboratae
465 2560 600 2645 fctum»,
624 2561 695 2643 quis
711 2559 830 2643 estqui
845 2565 943 2642 neget
958 2561 1132 2625 iuvencum
1147 2579 1258 2625 vocem

90 2683 244 2746 graecam
269 2664 460 2734 «κοιλίας»
485 2683 590 2749 paene
613 2662 657 2728 ad
679 2662 812 2729 verbum
827 2663 1032 2729 transtulisse
1047 2682 1106 2747 per
1128 2662 1263 2729 «uteri

90 2767 325 2834 siccamen»
361 2773 607 2834 conservantem
641 2769 706 2832 vim
735 2765 894 2852 «cecati»,
928 2785 1012 2849 quae
1041 2771 1091 2831 est
1120 2767 1152 2831 iu
1179 2786 1259 2832 voce

90 2891 212 2955 graeca
236 2872 388 2935 «κοιλία».
957 2915 961 2922 -

219 2973 315 3063 Apud
343 2976 578 3059 evangelistam
604 2974 673 3041 Ioh.
700 2975 731 3039 ΙΙ
757 2973 796 3039 10
823 2973 961 3058 legimus
992 2977 1068 3043 «πᾶς
1098 2971 1259 3056 ἄνθρωπος

135 3084 254 3164 πρῶτον
282 3078 331 3141 τὸν
359 3079 471 3171 καλὸν
500 3078 579 3142 οἶνον
607 3080 725 3163 τίθησιν
749 3128 756 3142 .
779 3127 787 3143 .
809 3130 816 3145 .
838 3103 883 3161 .»,
917 3095 1001 3160 quae
1034 3077 1067 3140 in
1094 3073 1260 3141 codicibus

134 3183 243 3249 latinis
284 3187 450 3251 vertuntur
497 3184 619 3249 «omnis
659 3181 755 3248 homo
798 3182 936 3267 primum
957 3178 1114 3245 *bouum
1150 3180 1257 3243 vinum

134 3287 225 3372 ponit
249 3311 363 3371 ....›>;
385 3284 444 3353 sed
468 3284 555 3372 ap'ud
578 3287 751 3352 Iuvencum
776 3285 808 3350 ΙΙ
834 3285 895 3350 149
916 3285 1069 3366 legimus:

300 3389 478 3474 «Increpat
500 3439 599 3471 ....,
623 3389 708 3474 qaod
725 3387 902 3473 potuero
923 3405 1096 3453 reservaras

322 3543 329 3558 .
354 3542 361 3557 .
387 3544 393 3558 .
419 3544 427 3558 .
449 3493 532 3560 ον’νοο
553 3489 720 3560 dedisset.»

135 3597 275 3663 Dubium
282 3616 346 3662 non
359 3616 431 3663 csse
443 3597 520 3662 mibi
532 3596 670 3683 videtur,
682 3597 760 3680 quin
766 3596 1024 3679 Iuvencuspcrv.
1036 3619 1050 3652 ς
1055 3614 1113 3676 pc
1121 3591 1256 3658 tchro»

135 3702 240 3784 magis
274 3699 317 3766 ad
343 3700 476 3766 verbum
502 3699 680 3768 transferat
710 3699 881 3764 «καλόν».
937 3696 1098 3786 Pluralem
1126 3694 1260 3761 adhibet

134 3805 241 3870 causis
265 3804 406 3869 metricis
429 3810 570 3870 coaetus.

218 3904 314 3992 Apud
326 3906 428 3973 [obv
439 3907 481 3972 43
497 3908 614 3991 legitur
630 3906 702 3970 «ἐὰν
715 3905 809 3976 ἄλλος
823 3904 902 3989 ἔλθῃ
916 3911 958 3968 τῶ
972 3901 1096 3986 ὀνόματι
1107 3909 1150 3987 τῷ
1164 3903 1258 3987 ἰδίῳ,

137 4011 253 4075 ἐκεῖνον
287 4009 482 4095 λήμψεσθε»,
515 4030 598 4093 quae
631 4010 734 4078 verba
765 4014 994 4076 convertuntur
1026 4009 1059 4071 in
1093 4004 1258 4072 codicibus

135 4114 245 4180 latinis
274 4111 322 4179 «si
349 4113 439 4180 otios
464 4115 594 4181 oeoera't
613 4114 653 4181 ta
674 4112 807 4180 coortae
828 4131 912 4194 sao,
941 4111 1039 4176 ittam
1061 4109 1257 4193 decimatio.

137 4216 203 4282 Sed
225 4219 383 4283 Iuvencus
406 4219 557 4302 exprimit
578 4217 664 4283 hanc
686 4217 879 4282 senteutiam
903 4235 998 4283 versu
1021 4212 1153 4279 11¹684:

181 4346 207 4383 ς,
232 4319 679 4403 ...veniet....altcr‚

197 4421 337 4489 Nomine
358 4445 452 4508 qoem
473 4426 598 4510 fultum
615 4422 778 4509 proprio
797 4442 879 4508 pecs
899 4426 1009 4488 vestra
1030 4423 1214 4560 peccetur».

1021 4526 1035 4578 1
