3046 5206
834 415 876 482 62

756 503 957 516 *-

318 573 321 579 ’
349 587 576 672 «Diffugiunt
596 587 753 672 urbisque
774 593 905 654 ruunt
925 588 974 654 ad
997 591 1103 654 tecta
1123 588 1255 655 minui

375 691 570 777 disemum
592 692 753 759 accedunt
768 692 968 776 musque
990 690 1041 758 ad
1063 691 1188 758 litora
1209 699 1389 780 cogunt»

316 813 494 896 Vergilium
514 811 639 878 habens
655 811 770 882 ducem
785 813 834 878 XI
849 812 912 878 236
938 814 1019 881 «oili
1041 833 1219 881 convenere
1238 821 1448 900 ruuntque

318 916 366 982 ad
387 915 480 1002 regia
497 915 633 1000 punio!
655 914 771 984 Tecta
794 916 859 983 viis
874 968 881 982 .
899 967 906 980 .
925 969 930 980 .
950 943 989 1002 .›,
1012 922 1054 1003 et,
1077 920 1200 984 utiam
1223 919 1449 986 Huemerus

317 1021 496 1104 annotavit,
519 1019 565 1085 IV
587 1019 650 1086 289
675 1045 703 1085 ι.
721 1071 728 1087 .
744 1071 776 1086 ..
800 1019 962 1104 saumque
987 1020 1037 1087 ad
1060 1019 1185 1088 iiiora
1208 1028 1393 1108 cogant».
1411 1062 1449 1072 -

315 1115 413 1209 liud
435 1123 528 1189 Mtth.
552 1123 600 1188 IX
624 1125 643 1188 7
665 1124 803 1208 legimus
827 1127 885 1190 «ei
905 1123 1055 1191 marrenit
1079 1127 1112 1190 et
1137 1123 1287 1192 obiitin
1319 1126 1449 1194 domum

315 1247 448 1309 suram»,
474 1226 559 1310 quod
581 1228 740 1293 Iuvencus
763 1234 899 1294 exornat
922 1228 1015 1294 1191

378 1330 558 1398 «Surrexit
581 1331 744 1415 ictumque
765 1330 912 1398 umeris
934 1331 1003 1398 iam
1024 1330 1202 1416 fortibus
1224 1337 1343 1416 aptat

401 1433 469 1500 Per
491 1435 697 1519 mediumque
719 1434 832 1520 niquis
848 1435 966 1520 popuii
987 1433 1149 1501 mirantes
1171 1434 1310 1502 abibat»

316 1537 476 1604 adhibens
505 1538 682 1622 Vergilium
716 1537 764 1604 IX
795 1537 858 1602 364
894 1538 997 1605 «haec
1029 1538 1129 1622 rapit,
1168 1544 1266 1624 atoue
1295 1543 1450 1608 umeris

315 1642 517 1725 nequiquam
538 1641 717 1721 fortibus
739 1645 885 1726 aptat».
914 1679 956 1690 —
983 1641 1076 1708 Mtth.
1099 1641 1146 1708 IX
1169 1644 1189 1709 9
1221 1648 1277 1710 «et
1302 1665 1450 1732 surqeru

315 1749 446 1812 saratas
478 1749 527 1811 est
558 1767 657 1812 cunm>
696 1744 804 1812 reddit
836 1746 870 1810 Π
897 1746 939 1811 98
975 1744 1143 1828 «Imperio
1172 1743 1297 1812 Cirristi
1327 1751 1451 1831 paret

314 1849 499 1934 gaudetque
523 1851 676 1915 secutus»
709 1868 786 1914 usus
808 1849 951 1932 Vergilio
974 1849 1019 1914 IV
1042 1847 1105 1914 295
1136 1848 1337 1933 «Imperio
1368 1851 1449 1918 laeti

311 1955 485 2037 parent.
648 1991 690 2000 —
724 1952 804 2018 Cum
836 1951 923 2037 apud
956 1951 1023 2018 Ioh.
1052 1952 1144 2018 IV6
1179 1951 1300 2019 «Iesus
1334 1959 1448 2021 autem

316 2056 482 2142 fatigatus
515 2077 556 2122 eu
591 2055 712 2122 itinere
738 2054 871 2122 sedebat
897 2076 995 2140 super
1016 2059 1178 2140 murm»
1163 2055 1286 2122 »nihil
1314 2057 1447 2142 legatur

316 2163 422 2227 Iesum
453 2164 561 2228 «aeci
565 2183 611 2228 u»
641 2161 815 2244 fatigatum
844 2159 1017 2243 resedisse,
1047 2165 1182 2225 exornat
1210 2162 1277 2225 Iuv.
1303 2161 1337 2227 II
1364 2162 1446 2229 247:

319 2264 481 2332 «Sederat
502 2264 555 2330 iric
576 2264 723 2347 rapido
744 2264 892 2330 salvator
914 2261 1056 2330 anhelus
1077 2261 1118 2329 in
1135 2266 1270 2330 aestu»
1300 2263 1446 2332 fortusse

316 2370 348 2434 ln
371 2374 478 2433 mente
501 2367 626 2434 habeus
648 2367 824 2452 Vergilium
847 2367 883 2431 B.
900 2367 933 2431 II
953 2366 1004 2432 10:
1031 2363 1223 2451 «IVrestyir's
1245 2368 1448 2452 eirapr'do

315 2471 411 2557 fessis
432 2470 627 2538 messender
649 2475 798 2538 aestu».
822 2469 979 2535 —Mtth
1003 2469 1446 2539 1x36«.„etircentes

315 2575 402 2642 suar
423 2595 494 2641 oves
515 2596 584 2642 non
607 2574 764 2641 habentes
779 2577 967 2657 pastorem»
953 2579 1128 2639 »exornat
1151 2576 1310 2640 Iuvencus
1328 2577 1362 2640 II
1380 2577 1444 2642 423

523 2696 765 2780 .cui1rascua
789 2696 877 2762 laeta

407 2723 630 2867 Innumerae
653 2799 818 2866 tondent
832 2798 973 2882 pecuum
994 2796 1129 2864 rectoris
1151 2802 1300 2883 egentes»

315 2923 459 2985 imitatus
481 2921 659 3003 Vergilium
682 2920 721 2986 G.
744 2921 759 2985 Ι
785 2918 880 3006 lullo

427 3065 454 3104 ι.
479 3092 487 3106 ,
511 3089 517 3104 .
542 3089 549 3103 .
573 3041 637 3107 oui
654 3040 801 3126 pinguia
824 3039 907 3124 Ceae

447 3148 496 3209 ier
518 3149 648 3211 curtum
670 3144 761 3210 nivei
785 3145 953 3220 tondent
974 3144 1105 3210 dioneia
1126 3143 1293 3212 iuocrrci».

315 3265 386 3343 Quo
419 3267 491 3331 loco
524 3267 573 3331 III
606 3266 684 3331 390:
723 3265 781 3332 &a
820 3265 925 3332 maris
958 3264 1154 3332 undisoni
1186 3286 1304 3350 rupes
1339 3289 1445 3351 quae

309 3369 517 3452 proditio
539 3370 645 3435 altam
663 3368 670 3454 Ι
689 3368 881 3438 Scandatur
904 3367 964 3434 tibi
986 3387 1114 3435 omma
1138 3417 1145 3434 .
1165 3420 1173 3432 .
1196 3420 1203 3433 .
1227 3396 1254 3434 .›
1279 3370 1443 3438 Iuvencus

316 3472 422 3537 reddit
449 3472 671 3556 evanchIstac
698 3472 789 3538 Mtth.
819 3472 914 3538 XVII
942 3471 983 3537 26
1007 3471 1046 3536 ἰ.
1071 3522 1077 3535 .
1101 3520 1141 3541 ..
1170 3473 1252 3539 vade
1279 3473 1444 3541 animare

315 3579 347 3640 et
366 3575 458 3641 mr'tte
481 3574 616 3642 hamum
639 3625 646 3640 .
671 3623 679 3638 .
706 3625 713 3640 .
738 3602 780 3660 .›,
807 3581 943 3642 exornat
964 3576 1107 3659 VergiIIo
1129 3595 1207 3643 usus
1226 3576 1258 3641 X
1275 3577 1338 3642 693
1364 3578 1444 3645 «iiic

313 3679 405 3745 uelut
425 3699 543 3762 rupes
564 3683 695 3746 carinam
716 3699 818 3762 quae
835 3679 976 3762 prodii
995 3679 1034 3744 iu
1064 3699 1194 3764 aequm,
1217 3727 1271 3744 ...
1288 3706 1328 3746 .».
1375 3682 1442 3747 Ad-

314 3785 466 3847 iectivum
491 3782 729 3849 «undisoni»
761 3790 810 3850 est
833 3789 1005 3867 sumptum,
1033 3789 1067 3847 ut
1095 3781 1347 3848 Hatficldius
1373 3803 1442 3850 rne-

317 3887 509 3969 moruvitp.
540 3887 591 3971 47,
626 3887 777 3951 cStsti
810 3885 1040 3952 Achilleion
1073 3886 1088 3950 Ι
1119 3885 1195 3952 198:
1232 3890 1295 3952 «ar
1327 3885 1443 3953 luem

315 3988 533 4056 undisonis
560 4010 622 4072 per
654 3995 777 4056 noctem
812 3989 851 4056 iu
883 3989 1058 4072 rupibus
1090 3993 1242 4056 asiarm.
1271 3988 1442 4126 -Quod

319 4095 478 4159 Iuvencus
501 4094 550 4157 III
573 4093 707 4179 lausai:

459 4213 762 4298 ..Galilaeaequc
783 4234 866 4282 arua
887 4213 1027 4298 relicuit

376 4239 620 4402 Iudaeamque
637 4317 730 4401 petit,
755 4337 822 4401 qua
839 4315 1016 4401 pinguia
1038 4337 1125 4383 rura
1146 4317 1282 4383 silenter
1318 4345 1320 4352 ·

400 4419 563 4503 Aymc'ue
585 4419 745 4486 Iordanes
767 4420 886 4486 uiridis
904 4421 1091 4503 perrumpit
1112 4441 1291 4486 amoeno»
