3046 5206
623 463 665 530 83

120 641 149 703 Ι.
178 639 333 704 Versus
351 635 569 702 includitur
585 634 733 718 verbis,
756 653 854 716 quae
876 637 922 700 ab
938 635 1230 702 eademlittera

181 739 432 824 velsyllaba
453 740 662 822 incipiunt:
1322 736 1325 742 '

180 861 299 944 Verg.
354 861 374 955 ΔΙ
413 861 468 924 ll:
502 857 681 941 inpulerit.
707 861 863 925 tantaene
885 859 1017 926 aalma·
1037 861 1230 928 coelestibus

181 1068 283 1151 Verg.
323 1068 372 1131 ΙΙΙ
409 1066 467 1132 4οι
505 1065 655 1132 auditur
677 1114 684 1130 .
709 1115 717 1129 .
743 1117 749 1131 .
774 1116 780 1128 .
806 984 964 1148 aurai?

182 1175 260 1237 Iuv.
283 1170 387 1275 praef.
411 1169 469 1235 20:
506 1170 668 1235 divinum
699 1169 833 1252 populls
871 1171 954 1255 falsi
986 1171 1059 1237 elue
1092 1173 1230 1242 crimine

183 1381 255 1443 Iuv.
359 1379 374 1442 I
413 1377 470 1441 37:
493 1375 639 1461 felicem
653 1379 787 1460 uectores
802 1274 1228 1463 mmmmm

84 1521 155 1584 quo
191 1520 233 1566 ex
263 1518 358 1564 versu
388 1499 585 1581 intellegitur
617 1503 748 1582 poetam
782 1497 997 1564 alliteratione
1031 1519 1124 1564 usum
1157 1520 1229 1566 esee

85 1603 293 1690 prudentem
317 1624 356 1668 ac
380 1604 546 1686 scientem,
568 1621 645 1665 nam
666 1603 700 1665 in
722 1620 818 1666 veron
835 1600 1049 1667 antecedente
1065 1602 1105 1668 86
1127 1604 1230 1669 allite-
1353 1620 1358 1628 ·

86 1709 182 1774 ratio
214 1706 359 1773 eiusdem
392 1705 539 1790 syllabae
573 1709 696 1769 exstat:
733 1730 763 1766 «.
789 1753 797 1766 .
821 1755 828 1766 .
856 1755 863 1767 .
897 1704 1009 1770 Felix
1043 1729 1060 1772 o
1092 1707 1230 1791 femina

87 1812 228 1880 salve».
273 1809 371 1876 Ludit
393 1811 492 1892 igitur
514 1808 613 1892 poeta
635 1809 667 1872 in
690 1808 921 1874 vocabulorum
943 1810 1129 1893 veriloquio.

152 1935 227 1997 Iuv.
265 1931 383 1996 1279:
401 1949 647 2013 praecurrens
671 1981 677 1993 .
702 1979 707 1990 .
734 1979 740 1992 .
767 1981 772 1991 .
792 1930 1067 2013 praeveniebat·

153 2038 225 2102 Iuv.
242 2037 275 2101 ΙΙ
300 2035 377 2100 547:
402 2033 534 2100 audiat
556 2081 563 2094 .
588 2083 594 2096 .
620 2083 627 2097 .
652 2082 659 2098 .
684 2034 1142 2119 aures,·cf.Verg.11140.

90 2157 283 2224 Permultas
306 2157 445 2240 paginas
469 2153 631 2238 complere
653 2174 786 2239 possum
809 2157 849 2220 iis
873 2156 1040 2240 exemplis,
1063 2162 1174 2223 tamen
1191 2177 1231 2222 ea

90 2281 184 2343 quae
208 2280 307 2345 supra
329 2260 506 2325 memoravi
530 2259 611 2323 satis
634 2259 708 2323 sint.
739 2259 791 2322 vIn
809 2259 941 2326 Iuvenoi
965 2265 1117 2342 quattuor
1139 2260 1230 2326 libris

91 2363 258 2430 habemus
280 2362 375 2428 huius
399 2362 626 2428 alliterationio
651 2361 713 2428 168
735 2362 897 2447 exempla,
926 2361 996 2430 tota
1018 2365 1050 2428 in
1072 2363 1229 2448 Aeneide,

92 2487 184 2551 quae
209 2464 454 2550 comprehendit
477 2466 561 2531 9896
576 2484 738 2548 versuum,
761 2466 824 2532 376
841 2467 999 2551 exempla.
1046 2469 1134 2545 Inter
1157 2488 1229 2533 cen-

92 2576 193 2636 tenos
226 2570 348 2652 Vergili
380 2589 494 2635 versus
533 2570 738 2633 inveniuntur
769 2571 790 2634 4
824 2571 974 2653 exempla
1008 2569 1105 2657 (3,9)‚
1145 2573 1229 2637 inter

92 2674 236 2740 totidem
251 2674 383 2745 Iuvenci
400 2673 418 2738 5
436 2671 527 2759 (53).
566 2674 725 2738 Iuvencus
741 2673 838 2755 igitur
854 2672 987 2738 adhibet
1003 2694 1076 2739 eam
1098 2677 1229 2759 saepius

96 2799 200 2860 quam
229 2777 400 2862 Vergiliae.

117 2910 164 2973 ΙΙ.
188 2881 489 2971 Alliterationis
512 2903 634 2970 forma
657 2905 703 2970 ab
728 2903 822 2990 ab¹):

95 3062 197 3146 Verg.
221 3062 237 3125 Ι
282 3060 337 3128 26:
362 3060 555 3126 exciderant
572 3021 687 3126 dotano
701 3009 817 3126 dacer
835 3021 911 3128 dita
926 3011 1036 3129 deute
1047 3067 1228 3146 repostum

96 3164 168 3230 Iuv.
225 3166 241 3229 Ι
308 3165 342 3230 3:
367 3215 373 3227 .
399 3213 406 3228 .
432 3214 437 3226 .
463 3214 469 3226 .
495 3164 555 3230 cal
578 3165 738 3248 templum
760 3185 847 3231 caru
872 3167 984 3248 ruera·

97 3268 168 3332 Iuv.
225 3268 241 3331 Ι
265 3268 343 3332 587:
367 3266 440 3332 Nil
461 3269 597 3332 absente
621 3317 627 3331 .
653 3318 659 3330 .
684 3318 691 3332 .
717 3317 723 3330 .
747 3268 811 3333 all
833 3269 960 3336 abdito.

95 3369 196 3455 Apud
211 3372 278 3436 Iuv.
295 3369 377 3436 haec
393 3369 498 3435 formo
513 3373 546 3433 in
562 3390 688 3434 summa
704 3371 865 3436 invenitur
883 3372 943 3438 105
961 3386 1011 3458 ><‚
1035 3375 1067 3438 in
1082 3373 1227 3439 Aeneide

98 3474 164 3539 442
181 3486 232 3546 ><.
271 3474 361 3538 Inter
384 3479 538 3538 centenos
552 3473 675 3556 Vergili
698 3493 812 3540 versus
834 3478 1037 3559 reperiuntur
1058 3477 1122 3562 4,5,
1145 3479 1228 3542 inter

99 3577 237 3642 totidem
260 3578 392 3642 luvenci
416 3576 477 3660 3‚2.

105 3698 167 3763 III.
187 3697 488 3764 'Alliterationis
511 3697 635 3762 forma
658 3717 704 3762 aa
727 3696 824 3783 hou:

144 3801 1185 3938 Verg.1140:declamatque....pb0tott....pb0ot0;
1270 3927 1272 3931 ,

145 3959 214 4022 Iuv.
237 3977 285 4040 pr.
346 3953 845 4021 92..‚.celstcootos....
869 3958 1155 4042 foratefloeottcu·

146 4062 214 4125 Iuv.
248 4059 281 4124 ΙΙ
304 4058 383 4123 222;
402 4059 576 4141 proculcet
591 4058 738 4140 pedibus
761 4108 842 4124 ....
866 4060 982 4125 sidero
1004 4080 1165 4145 euroeam·

146 4164 215 4228 luv.
230 4164 276 4228 lV
301 4163 379 4228 103:
401 4161 569 4246 uentibus
581 4197 620 4208 -
631 4181 704 4245 qen
714 4165 759 4226 tes
775 4209 781 4223 .
797 4162 1006 4247 ...vecibus
1021 4213 1028 4227 .
1043 4212 1050 4227 .
1065 4214 1071 4225 .
1085 4211 1092 4225 .
1106 4184 1229 4248 renea·

145 4401 165 4466 ¹)
190 4399 259 4454 Cum
281 4397 404 4453 Kvicala
431 4413 590 4467 congruens
618 4415 675 4453 non
703 4399 759 4453 alia
788 4398 916 4468 exempla
942 4399 1054 4467 respexi
1077 4400 1130 4454 nisi
1155 4417 1228 4469 quae

63 4475 179 4540 formam
200 4485 289 4541 abab
309 4489 464 4555 sequuntur
482 4484 530 4540 vel
549 4483 648 4541 aabb.

992 4571 1026 4629 6*
