3046 5206
864 435 885 500 8

771 523 973 534 ..-—-.-...

333 609 412 673 latio
441 609 571 672 minime
600 610 650 671 est
678 610 841 670 accurata.
892 603 985 682 Quod
1007 607 1167 670 Iuvencus
1196 603 1334 669 eundem
1357 603 1467 669 habet

333 712 648 778 otroumloeutionem
680 710 729 774 III
757 709 835 775 297:
871 707 1047 788 «obsint,
1084 704 1222 790 Christe,
1246 705 1324 774 'tuis
1353 758 1361 773 .
1387 759 1394 772 .
1421 757 1430 772 .
1459 759 1466 771 .

332 818 480 881 morutro
507 813 622 897 procot
649 811 832 898 menbris»,
866 813 1059 878 eversione
1085 809 1188 876 latina
1216 817 1287 877 orta
1315 830 1390 878 esse
1422 832 1466 876 ea

332 918 409 983 mihi
432 916 569 982 videtur.

418 1025 489 1090 Vox
520 1023 791 1107 «παρακούσῃ»
821 1022 913 1089 Mttb.
941 1023 1051 1089 XVIII
1080 1022 1119 1087 17
1150 1023 1184 1086 in
1211 1023 1359 1088 omnibus
1388 1044 1466 1089 ver-

332 1129 477 1194 sionibus
499 1129 609 1194 latinis
631 1126 674 1192 ad
689 1127 822 1192 verbum
837 1127 1030 1193 transfertur
1044 1145 1103 1210 per
1127 1146 1228 1192 «riori
1249 1126 1463 1192 audierit»

266 1314 268 1320 Ι
332 1239 469 1317 excepto
492 1230 604 1297 codice
626 1230 776 1296 Palatino
800 1229 846 1317 (e)
858 1229 894 1318 1),
918 1233 971 1314 qui
994 1229 1094 1296 habet
1118 1231 1465 1316 «contempserit»,

332 1334 418 1418 quod
445 1337 604 1401 Iuvencus
636 1333 780 1418 praebet.
833 1333 955 1411 Quodsi
985 1336 1143 1400 Iuvencus
1176 1354 1356 1418 congruens
1386 1356 1464 1400 oum

332 1459 395 1505 uno
419 1459 460 1504 en
481 1437 647 1504 codicibus
663 1437 967 1522 cntehieronymicis
982 1436 1102 1503 babeat
1127 1438 1462 1521 «comtempserit»

332 1544 381 1608 Ill
411 1543 474 1608 428
512 1541 585 1608 «siri
616 1545 648 1607 et
673 1541 853 1607 multorum
879 1541 1161 1625 contempserit
1186 1562 1274 1625 ora»,
1308 1541 1465 1609 concludi

331 1651 439 1730 potest
474 1665 514 1710 ex
550 1665 590 1710 ea
623 1664 657 1709 re
690 1644 775 1710 hanc
808 1645 978 1710 lectionem
1013 1645 1085 1711 aliis
1113 1647 1146 1710 in
1173 1644 1340 1712 codicibus
1367 1652 1465 1712 ante-

286 1761 289 1768 '
332 1749 566 1832 hieronymicis
588 1749 682 1814 nobis
708 1769 772 1813 non
799 1750 938 1814 servatis
966 1750 1140 1832 exstitisse,
1170 1769 1303 1833 quorum
1330 1771 1370 1816 ex
1395 1771 1464 1816 uno

332 1854 492 1918 Iuvencus
513 1851 706 1917 vocabulum
729 1854 876 1936 sumpsit.
918 1902 921 1907 .

417 1956 514 2021 Varie
554 1960 783 2021 convertuntur
820 1958 854 2020 in
888 1954 1053 2021 codicibus
1086 1957 1196 2023 latinis
1229 1957 1330 2022 verba
1363 1959 1462 2023 Mttb.

331 2060 442 2125 XVIII
465 2058 522 2124 23.
538 2063 719 2142 «συνᾶραι
747 2057 882 2141 λόγον»
913 2058 1008 2124 modo
1031 2065 1183 2125 accurate
1205 2080 1264 2145 per
1289 2062 1463 2128 «toliere

331 2162 552 2229 rationem»
579 2161 673 2228 modo
695 2183 754 2247 per
778 2183 829 2228 «r.
839 2182 1010 2245 ponere»
1036 2162 1132 2229 modo
1158 2183 1210 2228 «r.
1229 2162 1459 2230 discutere»

331 2265 428 2332 modo
464 2287 515 2332 «ν.
547 2266 772 2333 deducere».
824 2265 904 2331 Cum
931 2267 1089 2332 Iuvencus
1120 2269 1167 2331 ita
1201 2266 1289 2332 dicct
1316 2270 1365 2334 ΙΙΙ
1393 2269 1462 2335 438

333 2395 361 2434 «.
385 2418 393 2433 .
417 2419 424 2432 .
450 2419 457 2433 .
480 2369 609 2435 commi
630 2369 829 2435 rationem
851 2368 908 2452 qui
931 2368 995 2435 sibi
1013 2369 1110 2452 porti
1132 2369 1298 2456 iusserit»,
1328 2392 1401 2438 eum
1424 2374 1461 2437 in

330 2479 421 2539 textu
444 2492 502 2538 suo
524 2459 634 2537 latino‘
650 2472 872 2539 «rationem
889 2493 1059 2556 ponere»
1084 2473 1203 2556 legisse
1226 2481 1348 2544 certum
1367 2481 1460 2559 puto.

417 2575 508 2654 Quae
536 2576 673 2660 legimus
701 2576 789 2662 apud
812 2577 1013 2642 Matthaeum
1035 2577 1117 2641 XIX
1140 2577 1181 2642 24
1217 2603 1243 2641 «.
1269 2628 1274 2640 .
1300 2627 1307 2643 .
1333 2629 1340 2642 .
1364 2579 1457 2642 εὐνα·

331 2679 466 2764 πώτερόν
503 2681 581 2743 ἐστιν
619 2683 758 2765 κάμηλον
801 2680 859 2743 διὰ
901 2673 1141 2765 spondente<
1185 2681 1341 2765 ῥαφίδος
1381 2682 1458 2751 εἰς·

333 2785 474 2866 ελθεῖν,
498 2785 517 2868 ἢ
541 2784 686 2846 πλούσιον
710 2785 752 2853 εἰς
777 2785 828 2866 τὴν
849 2783 1004 2868 βασιλείαν
1028 2787 1087 2846 τῶν
1111 2782 1265 2866 οὐρανῶν»
1292 2784 1460 2852 codIcibus

331 2889 364 2952 In
378 2888 487 2953 latinis
502 2892 669 2953 vertuntur
686 2913 713 2950 ‹.
731 2937 738 2952 .
756 2939 762 2951 .
781 2937 788 2952 .
803 2887 942 2972 facilius
958 2891 1007 2952 est
1019 2886 1179 2952 camelum
1193 2909 1261 2970 per
1277 2889 1460 2973 foramen

333 3012 428 3058 cous
444 2991 624 3058 transire
634 3012 733 3075 quoru
746 2991 878 3057 diuitem
890 2990 1053 3057 intrare
1064 2990 1104 3057 iri
1114 3010 1254 3076 reorum
1266 2993 1459 3078 coelorumve»,

331 3115 395 3178 que
411 3115 451 3160 ex
472 3097 621 3161 versione
641 3094 858 3178 intellegimus
877 3093 1069 3160 vocabulum
1090 3114 1189 3158 unum
1214 3095 1456 3164 «εἰςελθεῖν»

330 3197 424 3264 reddi
440 3197 565 3264 duobus
580 3199 688 3265 verbis
712 3197 940 3264 «transire»
967 3204 999 3264 et
1016 3197 1235 3264 «intrare».
1273 3199 1308 3264 Si
1324 3201 1459 3267 luvenci

331 3302 503 3369 verborum
518 3303 675 3367 ambitum
690 3303 739 3367 Ill
755 3302 818 3368 524
835 3323 880 3386 sq.
898 3302 1152 3386 contemplemur
1167 3307 1199 3367 et
1215 3302 1461 3371 consideramus
1510 3307 1511 3390 l

413 3430 511 3476 «riom
533 3409 632 3476 citius
655 3409 765 3476 uicis
781 3432 855 3494 per
877 3431 970 3478 αοαε
993 3409 1170 3476 transire
1190 3412 1372 3495 foramen

432 3513 588 3599 deformis
605 3517 766 3598 poterunt
785 3514 941 3582 inmania
963 3513 1106 3580 membro
1128 3514 1254 3597 ccmcii,
1510 3513 1511 3586 l

432 3637 530 3701 quom
553 3622 651 3701 queat
672 3622 713 3684 ot
733 3617 822 3684 clives
843 3617 997 3685 coelestio
1019 3637 1123 3703 recreo
1144 3617 1314 3702 videre»,
1510 3655 1511 3686 ν

333 3741 405 3786 eum
434 3741 498 3786 non
526 3723 628 3788 solum
656 3719 719 3786 duo
741 3721 842 3787 verba
869 3723 902 3786 in
924 3721 1046 3786 latinae
1068 3723 1225 3788 versionis
1248 3721 1376 3787 modum
1400 3724 1459 3789 cd-

331 3825 453 3909 hibere,
478 3823 536 3890 sed
558 3825 656 3890 etiem
678 3824 779 3890 verba
804 3845 894 3908 «per
921 3844 1012 3890 ceos
1041 3824 1225 3890 transire
1250 3825 1456 3910 foramen»

260 3979 262 3983 .
334 3947 351 3992 e
374 3933 465 4021 textu
487 3927 588 3993 latino
611 3926 654 3992 ad
677 3927 810 3993 verbum
832 3930 977 4012 recipere
1001 3927 1163 3995 dIseimus.
1265 3969 1267 3978 ‹
1510 3919 1511 3922 ¹

418 4031 572 4098 Ultimum
600 4031 782 4097 hulusmodi
813 4032 995 4116 exemplum
1027 4032 1118 4098 hoc:—
1137 4031 1232 4110 Quod
1264 4034 1458 4100 vocabulum

336 4131 515 4220 «σῴζειν»
551 4136 636 4200 inest
667 4135 700 4198 in
732 4135 840 4201 verbis
869 4135 961 4200 Mith.
990 4135 1116 4201 XXVII
1143 4135 1185 4200 49
1216 4135 1314 4219 «ἄφες
1343 4137 1457 4220 ἴδωμεν
1510 4209 1511 4222 ρ

291 4291 492 4300 -ι--ι--ι

377 4374 397 4436 1)
416 4372 473 4426 cod.
498 4371 625 4428 Palatio.
644 4370 686 4442 (c)
710 4371 768 4426 cive
791 4373 914 4442 evacuet.
933 4372 1056 4443 palatio.
1080 4371 1177 4426 incdit.
1202 4372 1243 4428 cd.
1270 4373 1462 4446 Ticcbeodorf

292 4460 368 4523 1847,
388 4459 478 4513 denuo
497 4458 522 4513 Ι.
541 4458 692 4523 Beicbcim,
715 4459 908 4514 Christicolae
927 4463 1003 4516 1896.
